Filtre,Date,Description,Sous-description,Type d’opération,Montant,Solde
"Toutes les opérations disponibles (jusqu’à 2 ans), Date de début=2024-04-27","2026-04-27","achat pdv","Gpos Depanneur Chez      Montr ","Débit","-24.18","9540.19"
"","2026-04-27","depot"," ","Crédit","18.60","9564.37"
"","2026-04-27","pmt facture","Pc-Arc (Impots) - Montant Du 38710281","Débit","-1300.72","9545.77"
"","2026-04-27","retrait","Virement Interac Grat. ","Débit","-70.00","10846.49"
"","2026-04-27","achat pdv","Gpos Depanneur Chez      Montr ","Débit","-20.63","10916.49"
"","2026-04-27","achat pdv","Gpos Francois Trembl     Montr ","Débit","-28.17","10937.12"
"","2026-04-27","pmt facture","Pc-Visa Infinite Momentum Scotia 36786217","Débit","-11.49","10965.29"
"","2026-04-25","achat pdv","Gpos Marche St-Josep     Montr ","Débit","-20.34","10976.78"
"","2026-04-25","achat pdv","Gpos Adonis 21943 An     Anjou ","Débit","-87.09","10997.12"
"","2026-04-24","assurance","Desjardins Secur. Fin. ","Crédit","1235.07","11084.21"
"","2026-04-24","retrait","Virement Interac Grat. ","Débit","-54.00","9849.14"
"","2026-04-24","achat pdv","Gpos Iga Barcelo Mol     Montr ","Débit","-54.52","9903.14"
"","2026-04-23","achat pdv","Gpos Depanneur Chez      Montr ","Débit","-21.78","9957.66"
"","2026-04-22","achat pdv","Gpos Ls 325 F Cuisin     Montr ","Débit","-29.89","9979.44"
"","2026-04-21","achat pdv","Gpos Depanneur Chez      Montr ","Débit","-21.78","10009.33"
"","2026-04-21","achat pdv","Gpos Marche St Josep     Montr ","Débit","-35.24","10031.11"
"","2026-04-20","achat pdv","Gpos Kim Phat #1935      St-La ","Débit","-39.26","10066.35"
"","2026-04-20","achat pdv","Gpos Depanneur Chez      Montr ","Débit","-21.78","10105.61"
"","2026-04-18","achat pdv","Gpos Marche St Josep     Montr ","Débit","-23.17","10127.39"
"","2026-04-18","achat pdv","Gpos Adonis 21942 Se     Montr ","Débit","-70.97","10150.56"
"","2026-04-18","achat pdv","Gpos Rez Gas             Kahna ","Débit","-26.00","10221.53"
"","2026-04-18","achat pdv","Gpos Totem Pole High     Kahna ","Débit","-60.00","10247.53"
"","2026-04-17","achat pdv","Gpos Marche St-Josep     Montr ","Débit","-77.07","10307.53"
"","2026-04-16","achat pdv","Gpos Kim Phat #1935      St-La ","Débit","-39.45","10384.60"
"","2026-04-16","dt trnsfr cl","Achat Placement ","Débit","-1000.00","10424.05"
"","2026-04-15","achat pdv","Gpos Depanneur Chez      Montr ","Débit","-28.78","11424.05"
"","2026-04-15","pmt facture","Pc-Visa Infinite Momentum Scotia 08844850","Débit","-74.68","11452.83"
"","2026-04-14","achat pdv","Gpos Francois Trembl     Montr ","Débit","-8.04","11527.51"
"","2026-04-14","achat pdv","Gpos Provigo Rachel      Montr ","Débit","-48.94","11535.55"
"","2026-04-13","pmt facture","Pc-Visa Momentum Scotia 04816282","Débit","-500.00","11584.49"
"","2026-04-13","pmt facture","Pc-Visa Infinite Momentum Scotia 04810114","Débit","-68.51","12084.49"
"","2026-04-13","achat pdv","Gpos Depanneur Chez      Montr ","Débit","-24.18","12153.00"
"","2026-04-13","achat pdv","Gpos Provigo Rachel      Montr ","Débit","-38.62","12177.18"
"","2026-04-13","retour pdv","Gpos Provigo Rachel      Montr ","Crédit","21.85","12215.80"
"","2026-04-11","achat pdv","Gpos Provigo Rachel      Montr ","Débit","-51.52","12193.95"
"","2026-04-11","achat pdv","Gpos Rez Gas             Kahna ","Débit","-36.00","12245.47"
"","2026-04-11","achat pdv","Gpos Totem Pole High     Kahna ","Débit","-60.00","12281.47"
"","2026-04-10","assurance","Desjardins Secur. Fin. ","Crédit","1235.07","12341.47"
"","2026-04-10","achat pdv","Gpos Marche St Josep     Montr ","Débit","-51.63","11106.40"
"","2026-04-10","achat pdv","Gpos Adonis 21037 Sa     Montr ","Débit","-56.18","11158.03"
"","2026-04-09","achat pdv","Gpos Depanneur Chez      Montr ","Débit","-21.83","11214.21"
"","2026-04-08","assurance","Intact Compagnie D Assurance ","Débit","-85.55","11236.04"
"","2026-04-08","achat pdv","Gpos Marche St Josep     Montr ","Débit","-41.10","11321.59"
"","2026-04-08","achat pdv","Gpos Ls 325 F Cuisin     Montr ","Débit","-23.27","11362.69"
"","2026-04-07","achat pdv","Gpos Depanneur Chez      Montr ","Débit","-21.78","11385.96"
"","2026-04-06","pmt facture","Pc-Bell Facture Unique-14 Digits 85249404","Débit","-74.74","11407.74"
"","2026-04-06","achat pdv","Gpos Depanneur Chez      Montr ","Débit","-22.98","11482.48"
"","2026-04-04","achat pdv","Gpos Depanneur Chez      Montr ","Débit","-21.78","11505.46"
"","2026-04-04","achat pdv","Gpos Maxi #8797          Montr ","Débit","-21.29","11527.24"
"","2026-04-04","achat pdv","Gpos Francois Trembl     Montr ","Débit","-22.39","11548.53"
"","2026-04-02","achat pdv","Gpos Marche St Josep     Montr ","Débit","-33.32","11570.92"
"","2026-04-02","achat pdv","Gpos Marche St Josep     Montr ","Débit","-63.39","11604.24"
"","2026-04-02","achat pdv","Gpos Adonis 21037 Sa     Montr ","Débit","-49.14","11667.63"
"","2026-04-02","pmt facture","Pc-Hydro Quebec 76494738","Débit","-114.32","11716.77"
"","2026-04-02","tps","Canada ","Crédit","87.25","11831.09"
"","2026-04-02","cred. impot solidarite","Gouv. Quebec ","Crédit","104.67","11743.84"
"","2026-04-01","achat pdv","Gpos Super C  Pie Ix     Montr ","Débit","-34.45","11639.17"
"","2026-04-01","retrait","Virement Interac Grat. ","Débit","-403.77","11673.62"
"","2026-04-01","pmt facture","Pc-Visa Momentum Scotia 72978110","Débit","-500.00","12077.39"
"","2026-03-31","achat pdv","Gpos Depanneur Chez      Montr ","Débit","-21.78","12577.39"
"","2026-03-31","pension","Rrq Retraite Quebec ","Crédit","1203.95","12599.17"
"","2026-03-30","pmt facture","Fido Mobile ","Débit","-59.84","11395.22"
"","2026-03-30","assurance","Intact Compagnie D Assurance ","Débit","-92.83","11455.06"
"","2026-03-30","achat pdv","Gpos Intermarche Pal     Laval ","Débit","-10.57","11547.89"
"","2026-03-30","achat pdv","Gpos Depanneur Chez      Montr ","Débit","-24.18","11558.46"
"","2026-03-30","achat pdv","Gpos Iga Barcelo Mol     Montr ","Débit","-24.99","11582.64"
"","2026-03-28","achat pdv","Gpos Depanneur Chez      Montr ","Débit","-23.03","11607.63"
"","2026-03-28","achat pdv","Gpos Francois Trembl     Montr ","Débit","-23.70","11630.66"
"","2026-03-28","achat pdv","Gpos Maxi #8797          Montr ","Débit","-8.99","11654.36"
"","2026-03-28","achat pdv","Gpos Res Gas Bar         Kahna ","Débit","-38.00","11663.35"
"","2026-03-28","achat pdv","Gpos Totem Pole High     Kahna ","Débit","-60.00","11701.35"
"","2026-03-28","pmt facture","Pc-Visa Infinite Momentum Scotia 63003023","Débit","-25.28","11761.35"
"","2026-03-27","assurance","Desjardins Secur. Fin. ","Crédit","1235.07","11786.63"
"","2026-03-27","achat pdv","Gpos Marche St Josep     Montr ","Débit","-10.99","10551.56"
"","2026-03-27","achat pdv","Gpos Iga Barcelo Mol     Montr ","Débit","-4.86","10562.55"
"","2026-03-27","achat pdv","Gpos Brunet Pharm G      Montr ","Débit","-7.22","10567.41"
"","2026-03-27","achat pdv","Gpos The Home Depot      Montr ","Débit","-38.14","10574.63"
"","2026-03-26","achat pdv","Gpos Marche St Josep     Montr ","Débit","-60.08","10612.77"
"","2026-03-25","achat pdv","Gpos Ls Aube Cafe        Montr ","Débit","-24.05","10672.85"
"","2026-03-25","achat pdv","Gpos Gestion Bajgira     Montr ","Débit","-16.41","10696.90"
"","2026-03-25","pmt facture","Pc-Visa Infinite Momentum Scotia 54688401","Débit","-59.47","10713.31"
"","2026-03-25","pmt facture","Pc-Visa Momentum Scotia 54685456","Débit","-4189.76","10772.78"
"","2026-03-24","achat pdv","Gpos Marche St-Josep     Montr ","Débit","-57.52","14962.54"
"","2026-03-21","achat pdv","Gpos Depanneur Chez      Montr ","Débit","-21.83","15020.06"
"","2026-03-20","achat pdv","Gpos Provigo Rachel      Montr ","Débit","-33.70","15041.89"
"","2026-03-20","achat pdv","Gpos Rona Le Quincai     Montr ","Débit","-20.67","15075.59"
"","2026-03-19","achat pdv","Gpos Maxi #8797          Montr ","Débit","-77.44","15096.26"
"","2026-03-19","achat pdv","Gpos Adonis 21037 Sa     Montr ","Débit","-44.29","15173.70"
"","2026-03-19","achat pdv","Gpos Adonis 21037 Sa     Montr ","Débit","-13.65","15217.99"
"","2026-03-18","achat pdv","Gpos Marche St Josep     Montr ","Débit","-26.96","15231.64"
"","2026-03-18","achat pdv","Gpos Ls 325 F Cuisin     Montr ","Débit","-36.39","15258.60"
"","2026-03-17","achat pdv","Gpos Marche St Josep     Montr ","Débit","-61.65","15294.99"
"","2026-03-16","pmt facture","Pc-Visa Infinite Momentum Scotia 31253705","Débit","-26.20","15356.64"
"","2026-03-16","dt trnsfr cl","Achat Placement ","Débit","-1000.00","15382.84"
"","2026-03-14","pmt facture","Pc-Canadian Tire Mastcard 29383073","Débit","-8.96","16382.84"
"","2026-03-14","achat pdv","Gpos Marche St Josep     Montr ","Débit","-9.73","16391.80"
"","2026-03-14","achat pdv","Gpos Adonis 21942 Se     Montr ","Débit","-42.69","16401.53"
"","2026-03-14","achat pdv","Gpos Totem Pole High     Kahna ","Débit","-60.00","16444.22"
"","2026-03-14","pmt facture","Pc-Visa Infinite Momentum Scotia 29086378","Débit","-420.75","16504.22"
"","2026-03-13","assurance","Desjardins Secur. Fin. ","Crédit","1235.07","16924.97"
"","2026-03-13","ct transf cl","Gains Placement ","Crédit","5000.00","15689.90"
"","2026-03-13","achat pdv","Gpos Super C  Pie Ix     Montr ","Débit","-78.39","10689.90"
"","2026-03-13","depot","Virement Interac Grat. ","Crédit","20.00","10768.29"
"","2026-03-13","achat pdv","Gpos Pho Jean Talon      Montr ","Débit","-21.46","10748.29"
"","2026-03-12","pmt facture","Pc-Visa Momentum Scotia 23444860","Débit","-250.00","10769.75"
"","2026-03-10","achat pdv","Gpos Marche St Josep     Montr ","Débit","-35.77","11019.75"
"","2026-03-10","achat pdv","Gpos Pizzeria Mangio     Montr ","Débit","-16.65","11055.52"
"","2026-03-10","retrait","Virement Interac Grat. ","Débit","-403.77","11072.17"
"","2026-03-10","pmt facture","Pc-Visa Infinite Momentum Scotia 18578523","Débit","-34.25","11475.94"
"","2026-03-09","assurance","Intact Compagnie D Assurance ","Débit","-85.60","11510.19"
"","2026-03-09","achat pdv","Gpos Marche St Josep     Montr ","Débit","-37.60","11595.79"
"","2026-03-07","pmt facture","Pc-Bell Facture Unique-14 Digits 12416296","Débit","-74.74","11633.39"
"","2026-03-06","achat pdv","Gpos Marche St Josep     Montr ","Débit","-28.47","11708.13"
"","2026-03-06","achat pdv","Gpos Rez Gaz             Kahna ","Débit","-20.00","11736.60"
"","2026-03-06","achat pdv","Gpos Totem Pole High     Kahna ","Débit","-60.00","11756.60"
"","2026-03-05","achat pdv","Gpos Marche St Josep     Montr ","Débit","-34.18","11816.60"
"","2026-03-05","cred. impot solidarite","Gouv. Quebec ","Crédit","104.67","11850.78"
"","2026-03-04","achat pdv","Gpos Ls 325 F Cuisin     Montr ","Débit","-29.89","11746.11"
"","2026-03-02","pmt facture","Fido Mobile ","Débit","-59.84","11776.00"
"","2026-03-02","assurance","Intact Compagnie D Assurance ","Débit","-92.83","11835.84"
"","2026-03-02","achat pdv","Gpos Francois Trembl     Montr ","Débit","-27.55","11928.67"
"","2026-03-02","pmt facture","Pc-Visa Momentum Scotia 98699055","Débit","-373.67","11956.22"
"","2026-03-02","pmt facture","Pc-Visa Infinite Momentum Scotia 98698097","Débit","-11.49","12329.89"
"","2026-02-28","achat pdv","Gpos Depanneur Chez      Montr ","Débit","-40.68","12341.38"
"","2026-02-27","assurance","Desjardins Secur. Fin. ","Crédit","1235.07","12382.06"
"","2026-02-27","achat pdv","Gpos Depanneur Chez      Montr ","Débit","-40.68","11146.99"
"","2026-02-27","pension","Rrq Retraite Quebec ","Crédit","1203.95","11187.67"
"","2026-02-26","achat pdv","Gpos Depanneur Chez      Montr ","Débit","-43.20","9983.72"
"","2026-02-25","achat pdv","Gpos Depanneur Chez      Montr ","Débit","-40.68","10026.92"
"","2026-02-25","achat pdv","Gpos Depanneur Chez      Montr ","Débit","-40.68","10067.60"
"","2026-02-24","achat pdv","Fpos Depanneur Chez Emilemontr ","Débit","-40.68","10108.28"
"","2026-02-23","achat pdv","Gpos Depanneur Chez      Montr ","Débit","-38.95","10148.96"
"","2026-02-23","achat pdv","Gpos Marche St-Josep     Montr ","Débit","-90.88","10187.91"
"","2026-02-20","achat pdv","Fpos Marche St-Joseph    Montr ","Débit","-73.10","10278.79"
"","2026-02-19","achat pdv","Gpos Marche St Josep     Montr ","Débit","-80.13","10351.89"
"","2026-02-19","achat pdv","Gpos Adonis 21943 An     Anjou ","Débit","-81.11","10432.02"
"","2026-02-18","achat pdv","Gpos Restaurant Indi     Montr ","Débit","-36.91","10513.13"
"","2026-02-17","achat pdv","Gpos Marche St-Josep     Montr ","Débit","-50.78","10550.04"
"","2026-02-16","achat pdv","Gpos Marche St-Josep     Montr ","Débit","-53.96","10600.82"
"","2026-02-14","pmt facture","Pc-Visa Momentum Scotia 61051091","Débit","-79.96","10654.78"
"","2026-02-13","assurance","Desjardins Secur. Fin. ","Crédit","1235.07","10734.74"
"","2026-02-11","achat pdv","Gpos Marche St-Josep     Montr ","Débit","-51.73","9499.67"
"","2026-02-11","achat pdv","Gpos Odessa Anjou        Anjou ","Débit","-15.63","9551.40"
"","2026-02-11","achat pdv","Gpos Fruiterie 440 H     Anjou ","Débit","-5.98","9567.03"
"","2026-02-11","depot"," ","Crédit","180.00","9573.01"
"","2026-02-10","achat pdv","Gpos Depanneur Chez      Montr ","Débit","-25.36","9393.01"
"","2026-02-09","assurance","Intact Compagnie D Assurance ","Débit","-81.67","9418.37"
"","2026-02-09","achat pdv","Gpos Marche St Josep     Montr ","Débit","-51.73","9500.04"
"","2026-02-09","achat pdv","Gpos Restaurant Yall     Montr ","Débit","-10.93","9551.77"
"","2026-02-09","pmt facture","Pc-Visa Infinite Momentum Scotia 46329505","Débit","-15.51","9562.70"
"","2026-02-09","achat pdv","Gpos Marche St Josep     Montr ","Débit","-36.20","9578.21"
"","2026-02-09","achat pdv","Gpos Maxi #8797          Montr ","Débit","-29.49","9614.41"
"","2026-02-09","achat pdv","Gpos Totem Pole High     Kahna ","Débit","-60.00","9643.90"
"","2026-02-06","achat pdv","Gpos Iga Barcelo Mol     Montr ","Débit","-46.97","9703.90"
"","2026-02-05","pmt facture","Pc-Ville De Montreal - Taxes 38518215","Débit","-2342.87","9750.87"
"","2026-02-05","pmt facture","Pc-Bell Facture Unique-14 Digits 38360958","Débit","-71.29","12093.74"
"","2026-02-05","cred. impot solidarite","Gouv. Quebec ","Crédit","104.67","12165.03"
"","2026-02-03","cheque  216"," ","Débit","-403.77","12060.36"
"","2026-02-03","pmt facture","Pc-Hydro Quebec 33536930","Débit","-124.53","12464.13"
"","2026-02-02","achat pdv","Gpos Depanneur Chez      Montr ","Débit","-38.95","12588.66"
"","2026-02-02","achat pdv","Gpos Depanneur Chez      Montr ","Débit","-37.23","12627.61"
"","2026-01-31","achat pdv","Gpos Rez Gaz             Kahna ","Débit","-16.00","12664.84"
"","2026-01-31","achat pdv","Gpos Totem Pole High     Kahna ","Débit","-60.00","12680.84"
"","2026-01-31","achat pdv","Gpos Maxi #8797          Montr ","Débit","-50.59","12740.84"
"","2026-01-31","pmt facture","Pc-Visa Infinite Momentum Scotia 25633990","Débit","-4.59","12791.43"
"","2026-01-31","pmt facture","Pc-Canadian Tire Mastcard 25632640","Débit","-6.73","12796.02"
"","2026-01-30","pmt facture","Fido Mobile ","Débit","-59.84","12802.75"
"","2026-01-30","assurance","Desjardins Secur. Fin. ","Crédit","1235.07","12862.59"
"","2026-01-30","achat pdv","Gpos Marche St-Josep     Montr ","Débit","-13.47","11627.52"
"","2026-01-30","achat pdv","Gpos Kim Phat #3733      Montr ","Débit","-29.59","11640.99"
"","2026-01-30","achat pdv","Gpos Alimentation Pa     Saint ","Débit","-40.55","11670.58"
"","2026-01-30","pension","Rrq Retraite Quebec ","Crédit","1203.95","11711.13"
"","2026-01-29","assurance","Intact Compagnie D Assurance ","Débit","-92.83","10507.18"
"","2026-01-29","achat pdv","Gpos Iga Barcelo Mol     Montr ","Débit","-96.04","10600.01"
"","2026-01-28","achat pdv","Gpos Super C  Pie Ix     Montr ","Débit","-55.25","10696.05"
"","2026-01-28","achat pdv","Gpos Marche St Josep     Montr ","Débit","-78.74","10751.30"
"","2026-01-28","pmt facture","Pc-Canadian Tire Mastcard 16667061","Débit","-33.33","10830.04"
"","2026-01-27","achat pdv","Gpos Provigo Rachel      Montr ","Débit","-70.52","10863.37"
"","2026-01-27","achat pdv","Gpos Francois Trembl     Montr ","Débit","-45.34","10933.89"
"","2026-01-27","achat pdv","Gpos Depanneur Chez      Montr ","Débit","-21.83","10979.23"
"","2026-01-26","pmt facture","Pc-Visa Infinite Momentum Scotia 12921253","Débit","-12.64","11001.06"
"","2026-01-26","achat pdv","Gpos Couchetard #354 ","Débit","-29.01","11013.70"
"","2026-01-26","achat pdv","Gpos Restaurant Yall     Montr ","Débit","-24.05","11042.71"
"","2026-01-23","achat pdv","Gpos Depanneur Chez      Montr ","Débit","-23.03","11066.76"
"","2026-01-23","achat pdv","Gpos Depanneur Chez      Montr ","Débit","-21.83","11089.79"
"","2026-01-22","achat pdv","Gpos Provigo Rachel      Montr ","Débit","-83.23","11111.62"
"","2026-01-22","achat pdv","Gpos Adonis 21943 An     Anjou ","Débit","-89.98","11194.85"
"","2026-01-21","achat pdv","Gpos Marche St-Josep     Montr ","Débit","-33.10","11284.83"
"","2026-01-20","pmt facture","Pc-Saaq Permis De Conduire 99526682","Débit","-50.23","11317.93"
"","2026-01-20","achat pdv","Gpos Marche St-Josep     Montr ","Débit","-47.57","11368.16"
"","2026-01-20","achat pdv","Gpos Kim Chi - 2610      Montr ","Débit","-3.16","11415.73"
"","2026-01-20","achat pdv","Gpos Kim Chi - 2610      Montr ","Débit","-19.71","11418.89"
"","2026-01-19","pmt facture","Pc-Visa Infinite Momentum Scotia 97316193","Débit","-34.98","11438.60"
"","2026-01-19","achat pdv","Gpos Depanneur Chez      Montr ","Débit","-13.78","11473.58"
"","2026-01-19","pmt facture","Pc-Visa Infinite Momentum Scotia 94362601","Débit","-55.08","11487.36"
"","2026-01-17","pmt facture","Pc-Canadian Tire Mastcard 92581039","Débit","-22.46","11542.44"
"","2026-01-17","achat pdv","Gpos Marche St Josep     Montr ","Débit","-73.33","11564.90"
"","2026-01-17","achat pdv","Gpos Rez Gas             Kahna ","Débit","-23.00","11638.23"
"","2026-01-17","achat pdv","Gpos Totem Pole High     Kahna ","Débit","-60.00","11661.23"
"","2026-01-16","assurance","Desjardins Secur. Fin. ","Crédit","1235.07","11721.23"
"","2026-01-15","achat pdv","Gpos Kim Phat #3733      Montr ","Débit","-84.09","10486.16"
"","2026-01-15","dt trnsfr cl","Achat Placement ","Débit","-1000.00","10570.25"
"","2026-01-14","achat pdv","Gpos Marche St Josep     Montr ","Débit","-57.92","11570.25"
"","2026-01-14","depot","Virement Interac Grat. ","Crédit","10.00","11628.17"
"","2026-01-14","pmt facture","Pc-Visa Infinite Momentum Scotia 84152199","Débit","-22.98","11618.17"
"","2026-01-12","cheque  217"," ","Débit","-52.00","11641.15"
"","2026-01-12","achat pdv","Gpos Marche St Josep     Montr ","Débit","-15.60","11693.15"
"","2026-01-12","pmt facture","Pc-Visa Infinite Momentum Scotia 78063096","Débit","-48.05","11708.75"
"","2026-01-10","achat pdv","Gpos Marche St Josep     Montr ","Débit","-38.24","11756.80"
"","2026-01-10","achat pdv","Gpos Adonis 21943 An     Anjou ","Débit","-82.78","11795.04"
"","2026-01-09","achat pdv","Gpos Totem Pole High     Kahna ","Débit","-60.00","11877.82"
"","2026-01-09","pmt facture","Pc-Visa Infinite Momentum Scotia 72990068","Débit","-37.98","11937.82"
"","2026-01-08","assurance","Intact Compagnie D Assurance ","Débit","-81.67","11975.80"
"","2026-01-08","achat pdv","Gpos Pho Jean Talon      Montr ","Débit","-21.46","12057.47"
"","2026-01-06","pmt facture","Pc-Bell Facture Unique-14 Digits 66830402","Débit","-53.53","12078.93"
"","2026-01-06","achat pdv","Gpos Depanneur Chez      Montr ","Débit","-4.69","12132.46"
"","2026-01-05","cheque  215"," ","Débit","-403.77","12137.15"
"","2026-01-05","tps","Canada ","Crédit","87.25","12540.92"
"","2026-01-05","cred. impot solidarite","Gouv. Quebec ","Crédit","104.67","12453.67"
"","2026-01-02","achat pdv","Fpos Francois Tremblay Phmontr ","Débit","-27.55","12349.00"
"","2026-01-02","achat pdv","Gpos Depanneur Chez      Montr ","Débit","-40.68","12376.55"
"","2026-01-02","achat pdv","Gpos Depanneur Chez      Montr ","Débit","-40.68","12417.23"
"","2026-01-02","pmt facture","Pc-Visa Momentum Scotia 53082438","Débit","-11.49","12457.91"
"","2025-12-31","achat pdv","Gpos Depanneur Chez      Montr ","Débit","-62.18","12469.40"
"","2025-12-30","pmt facture","Fido Mobile ","Débit","-61.11","12531.58"
"","2025-12-30","assurance","Desjardins Secur. Fin. ","Crédit","1213.80","12592.69"
"","2025-12-30","achat pdv","Gpos Depanneur Chez      Montr ","Débit","-36.67","11378.89"
"","2025-12-30","pension","Rrq Retraite Quebec ","Crédit","1180.34","11415.56"
"","2025-12-29","assurance","Intact Compagnie D Assurance ","Débit","-92.83","10235.22"
"","2025-12-29","achat pdv","Gpos Depanneur Chez      Montr ","Débit","-37.87","10328.05"
"","2025-12-29","achat pdv","Gpos Marche St Josep     Montr ","Débit","-62.16","10365.92"
"","2025-12-27","achat pdv","Gpos Marche St Josep     Montr ","Débit","-53.45","10428.08"
"","2025-12-27","achat pdv","Gpos Petro-Canada 12 ","Débit","-40.56","10481.53"
"","2025-12-27","achat pdv","Gpos Depanneur Chez      Montr ","Débit","-36.67","10522.09"
"","2025-12-23","achat pdv","Gpos Marche St Josep     Montr ","Débit","-123.32","10558.76"
"","2025-12-22","achat pdv","Gpos Marche St Josep     Montr ","Débit","-63.78","10682.08"
"","2025-12-22","achat pdv","Gpos Provigo Rachel      Montr ","Débit","-4.98","10745.86"
"","2025-12-22","achat pdv","Gpos Maxi #8797          Montr ","Débit","-52.53","10750.84"
"","2025-12-20","achat pdv","Gpos Super C  Pie Ix     Montr ","Débit","-55.15","10803.37"
"","2025-12-20","achat pdv","Gpos Rez Gaz             Kahna ","Débit","-15.00","10858.52"
"","2025-12-20","achat pdv","Gpos Totem Pole High     Kahna ","Débit","-60.00","10873.52"
"","2025-12-19","assurance","Desjardins Secur. Fin. ","Crédit","1208.48","10933.52"
"","2025-12-19","achat pdv","Gpos Marche St Josep     Montr ","Débit","-49.37","9725.04"
"","2025-12-18","pmt facture","Pc-Visa Infinite Momentum Scotia 20477346","Débit","-73.96","9774.41"
"","2025-12-17","achat pdv","Gpos Les Bordelais       Montr ","Débit","-39.25","9848.37"
"","2025-12-15","achat pdv","Gpos Marche St Josep     Montr ","Débit","-62.40","9887.62"
"","2025-12-15","dt trnsfr cl","Achat Placement ","Débit","-1000.00","9950.02"
"","2025-12-13","achat pdv","Gpos Provigo Rachel      Montr ","Débit","-112.39","10950.02"
"","2025-12-13","pmt facture","Pc-Visa Infinite Momentum Scotia 07693455","Débit","-198.89","11062.41"
"","2025-12-12","achat pdv","Gpos Marche St Josep     Montr ","Débit","-47.41","11261.30"
"","2025-12-12","achat pdv","Gpos Kim Phat #3733      Montr ","Débit","-21.60","11308.71"
"","2025-12-12","achat pdv","Gpos Super C Pie 1x      Montr ","Débit","-45.19","11330.31"
"","2025-12-12","pmt facture","Pc-Visa Infinite Momentum Scotia 04426275","Débit","-34.00","11375.50"
"","2025-12-11","achat pdv","Gpos Marche St Josep     Montr ","Débit","-21.18","11409.50"
"","2025-12-10","achat pdv","Gpos Francois Trembl     Montr ","Débit","-19.34","11430.68"
"","2025-12-09","achat pdv","Gpos Marche St Josep     Montr ","Débit","-16.57","11450.02"
"","2025-12-08","assurance","Intact Compagnie D Assurance ","Débit","-81.67","11466.59"
"","2025-12-08","achat pdv","Gpos Marche St Josep     Montr ","Débit","-18.46","11548.26"
"","2025-12-06","achat pdv","Gpos Marche St Josep     Montr ","Débit","-28.60","11566.72"
"","2025-12-06","achat pdv","Gpos Rez Gas             Kahna ","Débit","-15.00","11595.32"
"","2025-12-06","achat pdv","Gpos Totem Pole High     Kahna ","Débit","-60.00","11610.32"
"","2025-12-05","assurance","Desjardins Secur. Fin. ","Crédit","1208.48","11670.32"
"","2025-12-05","achat pdv","Gpos Marche St Josep     Montr ","Débit","-57.55","10461.84"
"","2025-12-05","achat pdv","Gpos Francois Trembl     Montr ","Débit","-18.95","10519.39"
"","2025-12-05","cred. impot solidarite","Gouv. Quebec ","Crédit","104.67","10538.34"
"","2025-12-04","cheque  214"," ","Débit","-403.77","10433.67"
"","2025-12-03","achat pdv","Gpos Marche St Josep     Montr ","Débit","-9.50","10837.44"
"","2025-12-01","assurance","Intact Compagnie D Assurance ","Débit","-92.83","10846.94"
"","2025-12-01","pmt facture","Fido Mobile ","Débit","-59.84","10939.77"
"","2025-12-01","pmt facture","Pc-Hydro Quebec 77557850","Débit","-89.05","10999.61"
"","2025-12-01","pmt facture","Pc-Visa Infinite Momentum Scotia 76414460","Débit","-11.49","11088.66"
"","2025-12-01","pmt facture","Pc-Bell Facture Unique-14 Digits 76414459","Débit","-89.05","11100.15"
"","2025-11-29","achat pdv","Gpos Depanneur Chez      Montr ","Débit","-61.00","11189.20"
"","2025-11-28","achat pdv","Gpos Depanneur Chez      Montr ","Débit","-40.68","11250.20"
"","2025-11-28","pension","Rrq Retraite Quebec ","Crédit","1180.34","11290.88"
"","2025-11-27","achat pdv","Gpos Depanneur Chez      Montr ","Débit","-67.67","10110.54"
"","2025-11-26","achat pdv","Gpos Marche St Josep     Montr ","Débit","-70.49","10178.21"
"","2025-11-25","achat pdv","Gpos Depanneur Chez      Montr ","Débit","-40.68","10248.70"
"","2025-11-24","achat pdv","Gpos Marche St Josep     Montr ","Débit","-67.80","10289.38"
"","2025-11-24","achat pdv","Gpos Depanneur Chez      Montr ","Débit","-40.68","10357.18"
"","2025-11-24","pmt facture","Pc-Visa Infinite Momentum Scotia 55510039","Débit","-66.56","10397.86"
"","2025-11-22","achat pdv","Gpos Iga Barcelo Mol     Montr ","Débit","-2.92","10464.42"
"","2025-11-22","achat pdv","Gpos Saq23185 Atelie     Montr ","Débit","-35.65","10467.34"
"","2025-11-22","achat pdv","Gpos Francois Trembl     Montr ","Débit","-47.08","10502.99"
"","2025-11-22","achat pdv","Gpos Iga Barcelo Mol     Montr ","Débit","-66.80","10550.07"
"","2025-11-22","achat pdv","Gpos Totem Pole High     Kahna ","Débit","-60.00","10616.87"
"","2025-11-21","assurance","Desjardins Secur. Fin. ","Crédit","1208.48","10676.87"
"","2025-11-21","achat pdv","Gpos Kim Phat #3733      Montr ","Débit","-80.20","9468.39"
"","2025-11-21","achat pdv","Gpos Addison Electro     Montr ","Débit","-8.04","9548.59"
"","2025-11-20","dt trnsfr cl","Achat Placement ","Débit","-141900.00","9556.63"
"","2025-11-20","dt trnsfr cl","Achat Placement ","Débit","-18100.00","151456.63"
"","2025-11-20","achat pdv","Gpos Marche St Josep     Montr ","Débit","-40.39","169556.63"
"","2025-11-20","achat pdv","Gpos Adonis 21943 An     Anjou ","Débit","-45.08","169597.02"
"","2025-11-19","achat pdv","Gpos Marche St Josep     Montr ","Débit","-28.02","169642.10"
"","2025-11-19","achat pdv","Gpos Restaurant Indi     Montr ","Débit","-39.89","169670.12"
"","2025-11-18","note credit","Aut Oper. De Placement ","Crédit","150000.00","169710.01"
"","2025-11-18","achat pdv","Gpos Marche St Josep     Montr ","Débit","-67.93","19710.01"
"","2025-11-17","achat pdv","Gpos Depanneur Chez      Montr ","Débit","-6.75","19777.94"
"","2025-11-15","dt trnsfr cl","Achat Placement ","Débit","-1000.00","19784.69"
"","2025-11-14","achat pdv","Gpos Marche St-Josep     Montr ","Débit","-5.29","20784.69"
"","2025-11-14","achat pdv","Gpos Marche St Josep     Montr ","Débit","-48.66","20789.98"
"","2025-11-14","achat pdv","Gpos Rez Gas             Kahna ","Débit","-32.00","20838.64"
"","2025-11-14","achat pdv","Gpos Totem Pole High     Kahna ","Débit","-60.00","20870.64"
"","2025-11-13","achat pdv","Gpos Maxi #8797          Montr ","Débit","-6.50","20930.64"
"","2025-11-13","achat pdv","Gpos Marche St Josep     Montr ","Débit","-32.66","20937.14"
"","2025-11-13","achat pdv","Gpos Francois Trembl     Montr ","Débit","-19.52","20969.80"
"","2025-11-13","achat pdv","Gpos Depanneur Chez      Montr ","Débit","-32.73","20989.32"
"","2025-11-12","achat pdv","Gpos Depanneur Chez      Montr ","Débit","-37.24","21022.05"
"","2025-11-10","cheque  213"," ","Débit","-403.77","21059.29"
"","2025-11-10","assurance","Intact Compagnie D Assurance ","Débit","-81.67","21463.06"
"","2025-11-10","pmt divers","Remises ","Crédit","76.37","21544.73"
"","2025-11-08","achat pdv","Gpos Depanneur Chez      Montr ","Débit","-40.68","21468.36"
"","2025-11-07","assurance","Desjardins Secur. Fin. ","Crédit","1208.48","21509.04"
"","2025-11-07","achat pdv","Gpos Depanneur Chez      Montr ","Débit","-40.68","20300.56"
"","2025-11-06","achat pdv","Gpos Depanneur Chez      Montr ","Débit","-40.68","20341.24"
"","2025-11-06","pmt facture","Pc-Bell Facture Unique-14 Digits 14580341","Débit","-71.29","20381.92"
"","2025-11-05","achat pdv","Gpos Depanneur Chez      Montr ","Débit","-40.68","20453.21"
"","2025-11-05","cred. impot solidarite","Gouv. Quebec ","Crédit","104.67","20493.89"
"","2025-11-04","achat pdv","Gpos Depanneur Chez      Montr ","Débit","-61.58","20389.22"
"","2025-11-03","achat pdv","Gpos Depanneur Chez      Montr ","Débit","-40.68","20450.80"
"","2025-11-03","achat pdv","Gpos Marche St Josep     Montr ","Débit","-67.50","20491.48"
"","2025-11-01","pmt facture","Pc-Visa Infinite Momentum Scotia 01662612","Débit","-356.79","20558.98"
"","2025-10-31","achat pdv","Gpos Depanneur Chez      Montr ","Débit","-40.68","20915.77"
"","2025-10-31","achat pdv","Gpos Depanneur Chez      Montr ","Débit","-40.68","20956.45"
"","2025-10-31","pension","Rrq Retraite Quebec ","Crédit","1180.34","20997.13"
"","2025-10-30","pmt facture","Fido Mobile ","Débit","-59.84","19816.79"
"","2025-10-30","achat pdv","Gpos Depanneur Chez      Montr ","Débit","-20.34","19876.63"
"","2025-10-30","achat pdv","Gpos Marche St Josep     Montr ","Débit","-31.38","19896.97"
"","2025-10-30","achat pdv","Gpos Depanneur Chez      Montr ","Débit","-20.91","19928.35"
"","2025-10-30","achat pdv","Gpos Kim Phat #3733      Montr ","Débit","-55.18","19949.26"
"","2025-10-30","achat pdv","Gpos Adonis 21943 An     Anjou ","Débit","-79.39","20004.44"
"","2025-10-29","assurance","Intact Compagnie D Assurance ","Débit","-92.83","20083.83"
"","2025-10-29","achat pdv","Gpos Ls Sesame Atwat     Montr ","Débit","-33.79","20176.66"
"","2025-10-27","achat pdv","Fpos Depanneur Chez Emilemontr ","Débit","-41.25","20210.45"
"","2025-10-25","achat pdv","Gpos Depanneur Chez      Montr ","Débit","-20.34","20251.70"
"","2025-10-25","achat pdv","Gpos Marche St-Josep     Montr ","Débit","-3.29","20272.04"
"","2025-10-25","achat pdv","Gpos Marche St Josep     Montr ","Débit","-61.62","20275.33"
"","2025-10-25","achat pdv","Gpos Francois Trembl     Montr ","Débit","-27.55","20336.95"
"","2025-10-25","achat pdv","Gpos Maxi #8797          Montr ","Débit","-9.60","20364.50"
"","2025-10-24","assurance","Desjardins Secur. Fin. ","Crédit","1208.48","20374.10"
"","2025-10-24","achat pdv","Gpos Marche St Josep     Montr ","Débit","-41.46","19165.62"
"","2025-10-24","achat pdv","Gpos Depanneur Chez      Montr ","Débit","-19.71","19207.08"
"","2025-10-24","achat pdv","Gpos Super C  Pie Ix     Montr ","Débit","-3.49","19226.79"
"","2025-10-23","achat pdv","Gpos Marche St Josep     Montr ","Débit","-21.70","19230.28"
"","2025-10-23","achat pdv","Gpos Kim Phat #3733      Montr ","Débit","-45.05","19251.98"
"","2025-10-22","achat pdv","Gpos Marche St Josep     Montr ","Débit","-28.66","19297.03"
"","2025-10-22","achat pdv","Gpos Ls 325 F Cuisin     Montr ","Débit","-28.59","19325.69"
"","2025-10-20","achat pdv","Gpos Patisserie St.M     Montr ","Débit","-14.08","19354.28"
"","2025-10-20","pmt facture","Pc-Canadian Tire Mastcard 70040381","Débit","-34.47","19368.36"
"","2025-10-17","achat pdv","Gpos Saq23185 Atelie     Montr ","Débit","-30.50","19402.83"
"","2025-10-17","achat pdv","Gpos Marche St Josep     Montr ","Débit","-12.64","19433.33"
"","2025-10-17","achat pdv","Gpos Marche St Josep     Montr ","Débit","-46.88","19445.97"
"","2025-10-17","achat pdv","Gpos Totem Pole High     Kahna ","Débit","-60.00","19492.85"
"","2025-10-16","achat pdv","Gpos Kim Phat #3733      Montr ","Débit","-51.57","19552.85"
"","2025-10-16","achat pdv","Gpos Adonis 21943 An     Anjou ","Débit","-65.82","19604.42"
"","2025-10-15","achat pdv","Gpos Marche St Josep     Montr ","Débit","-23.05","19670.24"
"","2025-10-15","achat pdv","Gpos Ls 325 F Cuisin     Montr ","Débit","-31.19","19693.29"
"","2025-10-15","dt trnsfr cl","Achat Placement ","Débit","-1000.00","19724.48"
"","2025-10-14","achat pdv","Gpos Marche St Josep     Montr ","Débit","-73.76","20724.48"
"","2025-10-14","achat pdv","Gpos Max'S Bbq           Montr ","Débit","-23.15","20798.24"
"","2025-10-14","achat pdv","Gpos Provigo Rachel      Montr ","Débit","-45.94","20821.39"
"","2025-10-14","achat pdv","Gpos Marche St-Josep     Montr ","Débit","-14.38","20867.33"
"","2025-10-11","achat pdv","Gpos Maxi #8797          Montr ","Débit","-38.48","20881.71"
"","2025-10-11","pmt facture","Pc-Visa Infinite Momentum Scotia 50055814","Débit","-50.00","20920.19"
"","2025-10-10","assurance","Desjardins Secur. Fin. ","Crédit","1208.48","20970.19"
"","2025-10-10","achat pdv","Gpos Marche St Josep     Montr ","Débit","-59.41","19761.71"
"","2025-10-10","achat pdv","Gpos Rez Gas             Kahna ","Débit","-25.00","19821.12"
"","2025-10-10","achat pdv","Gpos Totem Pole High     Kahna ","Débit","-60.00","19846.12"
"","2025-10-09","achat pdv","Gpos Depanneur Chez      Montr ","Débit","-44.74","19906.12"
"","2025-10-08","assurance","Intact Compagnie D Assurance ","Débit","-81.67","19950.86"
"","2025-10-06","cheque  212"," ","Débit","-403.77","20032.53"
"","2025-10-06","achat pdv","Gpos Depanneur Chez      Montr ","Débit","-20.34","20436.30"
"","2025-10-06","achat pdv","Gpos Depanneur Chez      Montr ","Débit","-40.05","20456.64"
"","2025-10-06","pmt facture","Pc-Bell Facture Unique-14 Digits 35948064","Débit","-71.29","20496.69"
"","2025-10-06","achat pdv","Gpos Depanneur Chez      Montr ","Débit","-41.25","20567.98"
"","2025-10-03","achat pdv","Gpos Saq23185 Atelie     Montr ","Débit","-42.15","20609.23"
"","2025-10-03","tps","Canada ","Crédit","87.25","20651.38"
"","2025-10-03","cred. impot solidarite","Gouv. Quebec ","Crédit","104.67","20564.13"
"","2025-10-02","achat pdv","Gpos Odessa Entrepot     Montr ","Débit","-8.99","20459.46"
"","2025-10-02","achat pdv","Gpos Iga Barcelo Mol     Montr ","Débit","-7.76","20468.45"
"","2025-10-02","achat pdv","Gpos Saq23185 Atelie     Montr ","Débit","-32.50","20476.21"
"","2025-10-02","achat pdv","Gpos Depanneur Chez      Montr ","Débit","-20.91","20508.71"
"","2025-10-02","achat pdv","Gpos Marche St Josep     Montr ","Débit","-28.80","20529.62"
"","2025-10-02","achat pdv","Gpos Adonis 21943 An     Anjou ","Débit","-45.25","20558.42"
"","2025-10-02","pmt facture","Pc-Hydro Quebec 26640031","Débit","-85.96","20603.67"
"","2025-10-01","pmt facture","Fido Mobile ","Débit","-55.81","20689.63"
"","2025-10-01","achat pdv","Gpos Depanneur Chez      Montr ","Débit","-20.91","20745.44"
"","2025-10-01","achat pdv","Gpos Marche St-Josep     Montr ","Débit","-29.47","20766.35"
"","2025-10-01","achat pdv","Gpos Ls 325 F Cuisin     Montr ","Débit","-33.79","20795.82"
"","2025-10-01","achat pdv","Gpos Depanneur Chez      Montr ","Débit","-18.51","20829.61"
"","2025-09-29","assurance","Intact Compagnie D Assurance ","Débit","-92.83","20848.12"
"","2025-09-29","achat pdv","Gpos Marche St-Josep     Montr ","Débit","-13.99","20940.95"
"","2025-09-29","achat pdv","Gpos La Boite Aux Hu     Montr ","Débit","-18.00","20954.94"
"","2025-09-29","achat pdv","Gpos Le Roi Du Taco      Montr ","Débit","-27.76","20972.94"
"","2025-09-29","pension","Rrq Retraite Quebec ","Crédit","1180.34","21000.70"
"","2025-09-29","achat pdv","Gpos Depanneur Kik       Montr ","Débit","-20.91","19820.36"
"","2025-09-27","achat pdv","Gpos Rona Le Quincai     Montr ","Débit","-39.08","19841.27"
"","2025-09-27","achat pdv","Gpos Depanneur Chez      Montr ","Débit","-19.71","19880.35"
"","2025-09-26","assurance","Desjardins Secur. Fin. ","Crédit","1208.48","19900.06"
"","2025-09-26","pmt facture","Pc-Visa Infinite Momentum Scotia 12279235","Débit","-24.75","18691.58"
"","2025-09-26","achat pdv","Gpos Marche St-Josep     Montr ","Débit","-22.31","18716.33"
"","2025-09-25","pmt facture","Pc-Canadian Tire Mastcard 09067931","Débit","-11.85","18738.64"
"","2025-09-25","achat pdv","Gpos Depanneur Chez      Montr ","Débit","-20.91","18750.49"
"","2025-09-25","achat pdv","Fpos Marche St Joseph    Montr ","Débit","-22.58","18771.40"
"","2025-09-25","achat pdv","Gpos Kim Phat #3733      Montr ","Débit","-25.16","18793.98"
"","2025-09-25","achat pdv","Gpos Adonis 21943 An     Anjou ","Débit","-33.56","18819.14"
"","2025-09-24","achat pdv","Gpos Depanneur Chez      Montr ","Débit","-20.91","18852.70"
"","2025-09-24","achat pdv","Gpos La Corbeille Bc     Montr ","Débit","-19.50","18873.61"
"","2025-09-23","achat pdv","Gpos Francois Trembl     Montr ","Débit","-40.07","18893.11"
"","2025-09-23","achat pdv","Gpos Maxi #8797          Montr ","Débit","-12.44","18933.18"
"","2025-09-22","achat pdv","Gpos Marche St Josep     Montr ","Débit","-20.02","18945.62"
"","2025-09-22","achat pdv","Gpos Pho Jean Talon      Montr ","Débit","-21.13","18965.64"
"","2025-09-22","achat pdv","Gpos Depanneur Chez      Montr ","Débit","-18.51","18986.77"
"","2025-09-20","achat pdv","Gpos Depanneur Chez      Montr ","Débit","-18.51","19005.28"
"","2025-09-20","achat pdv","Gpos Marche St Josep     Montr ","Débit","-42.78","19023.79"
"","2025-09-20","achat pdv","Gpos Rez Gas             Kahna ","Débit","-15.00","19066.57"
"","2025-09-20","achat pdv","Gpos Totem Pole High     Kahna ","Débit","-60.00","19081.57"
"","2025-09-18","pmt facture","Pc-Saaq Immatriculation 92492568","Débit","-392.97","19141.57"
"","2025-09-18","achat pdv","Gpos Depanneur Chez      Montr ","Débit","-21.78","19534.54"
"","2025-09-18","achat pdv","Gpos Iga Extra 259       St-Le ","Débit","-23.17","19556.32"
"","2025-09-18","achat pdv","Gpos Adonis 21943 An     Anjou ","Débit","-70.78","19579.49"
"","2025-09-17","pmt facture","Pc-Canadian Tire Mastcard 90072979","Débit","-24.09","19650.27"
"","2025-09-17","achat pdv","Gpos Dollarama #1496     Montr ","Débit","-4.60","19674.36"
"","2025-09-17","achat pdv","Gpos Supermarche Lau     Montr ","Débit","-9.19","19678.96"
"","2025-09-17","pmt facture","Pc-Canadian Tire Mastcard 89148888","Débit","-12.29","19688.15"
"","2025-09-17","pmt facture","Pc-Visa Infinite Momentum Scotia 88874330","Débit","-15.90","19700.44"
"","2025-09-16","achat pdv","Gpos Pho Jean Talon      Montr ","Débit","-18.98","19716.34"
"","2025-09-15","pmt facture","Pc-Bell Facture Unique-14 Digits 84953542","Débit","-71.29","19735.32"
"","2025-09-15","achat pdv","Gpos Sq *La Perle D?     Montr ","Débit","-29.25","19806.61"
"","2025-09-15","achat pdv","Gpos Marche St Josep     Montr ","Débit","-45.80","19835.86"
"","2025-09-15","achat pdv","Gpos Provigo Rachel      Montr ","Débit","-26.33","19881.66"
"","2025-09-15","dt trnsfr cl","Achat Placement ","Débit","-1000.00","19907.99"
"","2025-09-13","achat pdv","Gpos Marche St Josep     Montr ","Débit","-20.88","20907.99"
"","2025-09-13","achat pdv","Gpos Totem Pole High     Kahna ","Débit","-60.00","20928.87"
"","2025-09-12","assurance","Desjardins Secur. Fin. ","Crédit","1208.48","20988.87"
"","2025-09-12","achat pdv","Gpos Marche St-Josep     Montr ","Débit","-17.85","19780.39"
"","2025-09-11","achat pdv","Gpos Marche St-Josep     Montr ","Débit","-35.70","19798.24"
"","2025-09-11","achat pdv","Gpos Marche St Josep     Montr ","Débit","-11.16","19833.94"
"","2025-09-11","achat pdv","Gpos Adonis 21943 An     Anjou ","Débit","-44.00","19845.10"
"","2025-09-10","achat pdv","Gpos Cafe In Gamba L     Montr ","Débit","-12.46","19889.10"
"","2025-09-10","achat pdv","Gpos Depanneur Chez      Montr ","Débit","-36.00","19901.56"
"","2025-09-08","assurance","Intact Compagnie D Assurance ","Débit","-81.67","19937.56"
"","2025-09-08","achat pdv","Gpos Depanneur Chez      Montr ","Débit","-61.27","20019.23"
"","2025-09-06","achat pdv","Gpos Depanneur Chez      Montr ","Débit","-61.27","20080.50"
"","2025-09-05","pmt facture","Pc-Visa Infinite Momentum Scotia 63173076","Débit","-71.29","20141.77"
"","2025-09-05","achat pdv","Gpos Depanneur Chez      Montr ","Débit","-44.52","20213.06"
"","2025-09-05","cred. impot solidarite","Gouv. Quebec ","Crédit","104.67","20257.58"
"","2025-09-04","achat pdv","Gpos Depanneur Chez      Montr ","Débit","-44.52","20152.91"
"","2025-09-03","achat pdv","Gpos Depanneur Chez      Montr ","Débit","-44.52","20197.43"
"","2025-09-02","cheque  211"," ","Débit","-403.77","20241.95"
"","2025-09-02","pmt facture","Fido Mobile ","Débit","-55.72","20645.72"
"","2025-09-02","achat pdv","Gpos Depanneur Chez      Montr ","Débit","-44.52","20701.44"
"","2025-09-02","pmt facture","Pc-Visa Infinite Momentum Scotia 49963799","Débit","-194.48","20745.96"
"","2025-09-02","achat pdv","Gpos Depanneur Chez      Montr ","Débit","-20.34","20940.44"
"","2025-09-02","achat pdv","Gpos Depanneur Chez      Montr ","Débit","-44.52","20960.78"
"","2025-08-30","achat pdv","Gpos Depanneur Chez      Montr ","Débit","-44.52","21005.30"
"","2025-08-29","assurance","Intact Compagnie D Assurance ","Débit","-92.83","21049.82"
"","2025-08-29","achat pdv","Gpos Depanneur Chez      Montr ","Débit","-19.14","21142.65"
"","2025-08-29","assurance","Desjardins Secur. Fin. ","Crédit","1208.48","21161.79"
"","2025-08-29","achat pdv","Gpos Marche St Josep     Montr ","Débit","-29.81","19953.31"
"","2025-08-29","pension","Rrq Retraite Quebec ","Crédit","1180.34","19983.12"
"","2025-08-28","achat pdv","Gpos Marche St Josep     Montr ","Débit","-10.54","18802.78"
"","2025-08-28","achat pdv","Gpos Rona Le Quincai     Montr ","Débit","-6.89","18813.32"
"","2025-08-28","achat pdv","Gpos Iga Barcelo Mol     Montr ","Débit","-71.57","18820.21"
"","2025-08-27","achat pdv","Gpos Depanneur Chez      Montr ","Débit","-24.18","18891.78"
"","2025-08-26","achat pdv","Gpos Provigo Rachel      Montr ","Débit","-45.45","18915.96"
"","2025-08-25","achat pdv","Gpos Marche St Josep     Montr ","Débit","-41.54","18961.41"
"","2025-08-25","achat pdv","Gpos Patisserie St.M     Montr ","Débit","-14.08","19002.95"
"","2025-08-25","achat pdv","Gpos Cafe Du Marche      Montr ","Débit","-4.68","19017.03"
"","2025-08-25","achat pdv","Gpos Francois Trembl     Montr ","Débit","-50.29","19021.71"
"","2025-08-25","achat pdv","Gpos Marche St Josep     Montr ","Débit","-30.33","19072.00"
"","2025-08-23","achat pdv","Gpos Marche St Josep     Montr ","Débit","-39.54","19102.33"
"","2025-08-22","achat pdv","Gpos Depanneur Chez      Montr ","Débit","-22.98","19141.87"
"","2025-08-22","achat pdv","Gpos Totem Pole High     Kahna ","Débit","-60.00","19164.85"
"","2025-08-21","achat pdv","Gpos Depanneur Chez      Montr ","Débit","-22.98","19224.85"
"","2025-08-21","achat pdv","Gpos Super C  Pie Ix     Montr ","Débit","-38.41","19247.83"
"","2025-08-21","achat pdv","Gpos Adonis 21943 An     Anjou ","Débit","-65.69","19286.24"
"","2025-08-21","pmt facture","Pc-Visa Infinite Momentum Scotia 22545487","Débit","-25.63","19351.93"
"","2025-08-19","achat pdv","Gpos Marche St Josep     Montr ","Débit","-33.48","19377.56"
"","2025-08-18","achat pdv","Gpos Sq *La Perle D?     Montr ","Débit","-24.26","19411.04"
"","2025-08-18","achat pdv","Gpos Cafe Du Marche      Montr ","Débit","-4.68","19435.30"
"","2025-08-18","achat pdv","Gpos Sq *Depanneur F     Montr ","Débit","-5.69","19439.98"
"","2025-08-18","achat pdv","Fpos Stm Montmore Sin101 Laval ","Débit","-5.00","19445.67"
"","2025-08-15","assurance","Desjardins Secur. Fin. ","Crédit","1208.48","19450.67"
"","2025-08-15","dt trnsfr cl","Achat Placement ","Débit","-1000.00","18242.19"
"","2025-08-14","achat pdv","Gpos Depanneur Chez      Montr ","Débit","-24.18","19242.19"
"","2025-08-14","achat pdv","Gpos Depanneur Chez      Montr ","Débit","-24.18","19266.37"
"","2025-08-13","achat pdv","Gpos Depanneur Chez      Montr ","Débit","-24.18","19290.55"
"","2025-08-12","achat pdv","Gpos Depanneur Chez      Montr ","Débit","-34.77","19314.73"
"","2025-08-11","achat pdv","Gpos Depanneur Chez      Montr ","Débit","-34.77","19349.50"
"","2025-08-11","achat pdv","Fpos Depanneur Chez Emilemontr ","Débit","-25.87","19384.27"
"","2025-08-11","achat pdv","Gpos Depanneur Chez      Montr ","Débit","-22.98","19410.14"
"","2025-08-09","achat pdv","Gpos Depanneur Chez      Montr ","Débit","-34.77","19433.12"
"","2025-08-09","achat pdv","Gpos Marche St Josep     Montr ","Débit","-49.45","19467.89"
"","2025-08-09","pmt facture","Pc-Visa Infinite Momentum Scotia 95598502","Débit","-66.64","19517.34"
"","2025-08-08","assurance","Intact Compagnie D Assurance ","Débit","-81.67","19583.98"
"","2025-08-08","achat pdv","Gpos Depanneur Chez      Montr ","Débit","-21.78","19665.65"
"","2025-08-08","achat pdv","Gpos Depanneur Chez      Montr ","Débit","-24.18","19687.43"
"","2025-08-08","achat pdv","Gpos Rez Gas             Kahna ","Débit","-18.00","19711.61"
"","2025-08-08","achat pdv","Gpos Totem Pole High     Kahna ","Débit","-60.00","19729.61"
"","2025-08-07","achat pdv","Gpos Depanneur Chez      Montr ","Débit","-24.18","19789.61"
"","2025-08-07","pmt facture","Pc-Visa Infinite Momentum Scotia 90539820","Débit","-89.51","19813.79"
"","2025-08-07","achat pdv","Gpos Marche St Josep     Montr ","Débit","-93.55","19903.30"
"","2025-08-07","achat pdv","Gpos Provigo Rachel      Montr ","Débit","-30.50","19996.85"
"","2025-08-06","achat pdv","Gpos Depanneur Chez      Montr ","Débit","-24.18","20027.35"
"","2025-08-06","pmt facture","Pc-Bell Facture Unique-14 Digits 87923520","Débit","-71.29","20051.53"
"","2025-08-05","cheque  210"," ","Débit","-403.77","20122.82"
"","2025-08-05","achat pdv","Gpos Depanneur Chez      Montr ","Débit","-24.18","20526.59"
"","2025-08-05","achat pdv","Gpos Iga Barcelo Mol     Montr ","Débit","-26.02","20550.77"
"","2025-08-05","pmt facture","Pc-Visa Infinite Momentum Scotia 84745960","Débit","-220.61","20576.79"
"","2025-08-05","cred. impot solidarite","Gouv. Quebec ","Crédit","104.67","20797.40"
"","2025-08-04","achat pdv","Gpos Depanneur Chez      Montr ","Débit","-22.98","20692.73"
"","2025-08-04","achat pdv","Gpos Marche Oriental     Montr ","Débit","-30.95","20715.71"
"","2025-08-04","achat pdv","Gpos Andre Et Domini     Montr ","Débit","-10.00","20746.66"
"","2025-08-04","achat pdv","Gpos Casa Di Toto        Montr ","Débit","-9.79","20756.66"
"","2025-08-04","achat pdv","Gpos Boucherie Du Ma     Montr ","Débit","-10.49","20766.45"
"","2025-08-04","achat pdv","Gpos Cafe Du Marche      Montr ","Débit","-4.68","20776.94"
"","2025-08-04","achat pdv","Gpos Depanneur Rache     Montr ","Débit","-24.18","20781.62"
"","2025-08-04","achat pdv","Gpos Marche St-Josep     Montr ","Débit","-19.52","20805.80"
"","2025-08-02","achat pdv","Gpos Iga Barcelo Mol     Montr ","Débit","-33.74","20825.32"
"","2025-08-02","pmt facture","Pc-Hydro Quebec 78720273","Débit","-90.07","20859.06"
"","2025-08-01","assurance","Desjardins Secur. Fin. ","Crédit","1208.48","20949.13"
"","2025-08-01","achat pdv","Gpos Marche St Josep     Montr ","Débit","-51.49","19740.65"
"","2025-08-01","ct transf cl","Pc A 900011007254 ","Crédit","2.80","19792.14"
"","2025-08-01","pmt facture","Pc-Visa Infinite Momentum Scotia 74999090","Débit","-2.63","19789.34"
"","2025-07-31","pmt facture","Pc-Visa Infinite Momentum Scotia 72956145","Débit","-298.67","19791.97"
"","2025-07-31","achat pdv","Gpos Adonis 21943 An     Anjou ","Débit","-37.20","20090.64"
"","2025-07-31","achat pdv","Gpos Iga Barcelo Mol     Montr ","Débit","-19.25","20127.84"
"","2025-07-31","achat pdv","Gpos Marche St Josep     Montr ","Débit","-74.91","20147.09"
"","2025-07-31","pension","Rrq Retraite Quebec ","Crédit","1170.00","20222.00"
"","2025-07-30","pmt facture","Fido Mobile ","Débit","-55.72","19052.00"
"","2025-07-29","assurance","Intact Compagnie D Assurance ","Débit","-92.83","19107.72"
"","2025-07-28","achat pdv","Gpos Depanneur Chez      Montr ","Débit","-24.18","19200.55"
"","2025-07-28","achat pdv","Gpos Marche St Josep     Montr ","Débit","-8.68","19224.73"
"","2025-07-28","achat pdv","Gpos Depanneur Chez      Montr ","Débit","-24.18","19233.41"
"","2025-07-28","achat pdv","Gpos Francois Trembl     Montr ","Débit","-27.55","19257.59"
"","2025-07-28","achat pdv","Gpos Maxi #8797          Montr ","Débit","-20.92","19285.14"
"","2025-07-28","achat pdv","Gpos Res Gas Bar         Kahna ","Débit","-21.51","19306.06"
"","2025-07-28","achat pdv","Gpos Totem Pole High     Kahna ","Débit","-60.00","19327.57"
"","2025-07-26","achat pdv","Gpos Marche St-Josep     Montr ","Débit","-32.31","19387.57"
"","2025-07-26","retour pdv","Rona+ Galeries D Anjou   Anjou ","Crédit","88.52","19419.88"
"","2025-07-25","achat pdv","Rona+ Galeries D Anjou   Anjou ","Débit","-663.38","19331.36"
"","2025-07-24","achat pdv","Gpos Depanneur Chez      Montr ","Débit","-24.18","19994.74"
"","2025-07-24","achat pdv","Gpos Kim Phat #3733      Montr ","Débit","-37.49","20018.92"
"","2025-07-24","achat pdv","Gpos Adonis 21943 An     Anjou ","Débit","-82.52","20056.41"
"","2025-07-23","achat pdv","Gpos Marche St-Josep     Montr ","Débit","-33.67","20138.93"
"","2025-07-22","pmt facture","Pc-Visa Infinite Momentum Scotia 49561756","Débit","-97.00","20172.60"
"","2025-07-21","achat pdv","Gpos Le Roi Du Taco      Montr ","Débit","-27.11","20269.60"
"","2025-07-21","pmt facture","Pc-Visa Infinite Momentum Scotia 47318117","Débit","-11.49","20296.71"
"","2025-07-21","achat pdv","Gpos Adonis 21943 An     Anjou ","Débit","-63.02","20308.20"
"","2025-07-21","achat pdv","Gpos Walmart Store #     St-Le ","Débit","-20.53","20371.22"
"","2025-07-19","achat pdv","Gpos Marche St Josep     Montr ","Débit","-44.47","20391.75"
"","2025-07-19","achat pdv","Gpos Maxi #8797          Montr ","Débit","-20.68","20436.22"
"","2025-07-18","assurance","Desjardins Secur. Fin. ","Crédit","1208.48","20456.90"
"","2025-07-18","achat pdv","Gpos Depanneur Yu        Montr ","Débit","-27.63","19248.42"
"","2025-07-17","achat pdv","Gpos Kim Phat #3733      Montr ","Débit","-39.30","19276.05"
"","2025-07-17","achat pdv","Gpos Adonis 21943 An     Anjou ","Débit","-59.21","19315.35"
"","2025-07-16","achat pdv","Gpos Francois Trembl     Montr ","Débit","-18.37","19374.56"
"","2025-07-16","achat pdv","Gpos Res Gas Bar         Kahna ","Débit","-16.01","19392.93"
"","2025-07-16","achat pdv","Gpos Totem Pole High     Kahna ","Débit","-60.00","19408.94"
"","2025-07-15","achat pdv","Gpos Marche St Josep     Montr ","Débit","-20.96","19468.94"
"","2025-07-15","achat pdv","Gpos Super C  Pie Ix     Montr ","Débit","-53.39","19489.90"
"","2025-07-15","dt trnsfr cl","Achat Placement ","Débit","-1000.00","19543.29"
"","2025-07-12","achat pdv","Gpos Marche St Josep     Montr ","Débit","-33.22","20543.29"
"","2025-07-12","achat pdv","Gpos Dollarama #1496     Montr ","Débit","-10.35","20576.51"
"","2025-07-12","achat pdv","Gpos Iga Barcelo Mol     Montr ","Débit","-10.97","20586.86"
"","2025-07-11","achat pdv","Gpos Maxi #8632          Montr ","Débit","-15.99","20597.83"
"","2025-07-11","retrait","Virement Interac Grat. ","Débit","-8.00","20613.82"
"","2025-07-11","achat pdv","Gpos Maxi #8797          Montr ","Débit","-15.18","20621.82"
"","2025-07-11","achat pdv","Gpos Francois Trembl     Montr ","Débit","-6.43","20637.00"
"","2025-07-10","achat pdv","Gpos Adonis 21943 An     Anjou ","Débit","-86.08","20643.43"
"","2025-07-10","pmt facture","Pc-Visa Infinite Momentum Scotia 20485899","Débit","-558.18","20729.51"
"","2025-07-08","assurance","Intact Compagnie D Assurance ","Débit","-81.67","21287.69"
"","2025-07-08","achat pdv","Gpos Marche St Josep     Montr ","Débit","-31.03","21369.36"
"","2025-07-07","pmt facture","Pc-Visa Infinite Momentum Scotia 14211674","Débit","-8.57","21400.39"
"","2025-07-07","achat pdv","Gpos Res Gas Bar         Kahna ","Débit","-15.01","21408.96"
"","2025-07-07","achat pdv","Gpos Totem Pole High     Kahna ","Débit","-60.00","21423.97"
"","2025-07-05","achat pdv","Gpos Depanneur Chez      Montr ","Débit","-32.73","21483.97"
"","2025-07-05","pmt facture","Pc-Bell Facture Unique-14 Digits 09560575","Débit","-71.29","21516.70"
"","2025-07-05","pmt facture","Pc-Taxe Scolaire Montreal Cgtsim 09559481","Débit","-262.29","21587.99"
"","2025-07-05","achat pdv","Gpos Marche St-Josep     Montr ","Débit","-48.93","21850.28"
"","2025-07-04","assurance","Desjardins Secur. Fin. ","Crédit","1208.48","21899.21"
"","2025-07-04","tps","Canada ","Crédit","87.25","20690.73"
"","2025-07-04","cred. impot solidarite","Gouv. Quebec ","Crédit","104.67","20603.48"
"","2025-07-03","cheque  209"," ","Débit","-403.77","20498.81"
"","2025-07-02","achat pdv","Gpos Depanneur Chez      Montr ","Débit","-56.91","20902.58"
"","2025-07-02","achat pdv","Gpos Depanneur Chez      Montr ","Débit","-69.06","20959.49"
"","2025-07-02","achat pdv","Gpos Depanneur Chez      Montr ","Débit","-56.91","21028.55"
"","2025-06-30","assurance","Intact Compagnie D Assurance ","Débit","-93.04","21085.46"
"","2025-06-30","pmt facture","Fido Mobile ","Débit","-55.72","21178.50"
"","2025-06-30","achat pdv","Gpos Francois Trembl     Montr ","Débit","-30.87","21234.22"
"","2025-06-30","achat pdv","Gpos Depanneur Chez      Montr ","Débit","-43.23","21265.09"
"","2025-06-30","pension","Rrq Retraite Quebec ","Crédit","1190.68","21308.32"
"","2025-06-30","achat pdv","Gpos Depanneur Chez      Montr ","Débit","-40.93","20117.64"
"","2025-06-30","pmt facture","Pc-Visa Infinite Momentum Scotia 92161748","Débit","-56.91","20158.57"
"","2025-06-28","achat pdv","Gpos Depanneur Chez      Montr ","Débit","-24.18","20215.48"
"","2025-06-27","achat pdv","Gpos Depanneur Chez      Montr ","Débit","-24.18","20239.66"
"","2025-06-26","achat pdv","Gpos Depanneur Chez      Montr ","Débit","-24.18","20263.84"
"","2025-06-26","achat pdv","Gpos Depanneur Chez      Montr ","Débit","-24.18","20288.02"
"","2025-06-25","achat pdv","Gpos Depanneur Chez      Montr ","Débit","-24.18","20312.20"
"","2025-06-24","achat pdv","Gpos Depanneur Chez      Montr ","Débit","-24.18","20336.38"
"","2025-06-23","achat pdv","Fpos Depanneur Chez Emilemontr ","Débit","-24.18","20360.56"
"","2025-06-23","dt trnsfr cl","Achat Placement ","Débit","-10248.00","20384.74"
"","2025-06-23","ct transf cl","Gains Placement ","Crédit","3103.41","30632.74"
"","2025-06-23","ct transf cl","Gains Placement ","Crédit","7146.93","27529.33"
"","2025-06-23","achat pdv","Gpos Depanneur Chez      Montr ","Débit","-22.98","20382.40"
"","2025-06-23","achat pdv","Gpos Depanneur Chez      Montr ","Débit","-24.18","20405.38"
"","2025-06-21","achat pdv","Gpos Marche St Josep     Montr ","Débit","-55.87","20429.56"
"","2025-06-20","assurance","Desjardins Secur. Fin. ","Crédit","1208.48","20485.43"
"","2025-06-20","achat pdv","Gpos Depanneur Chez      Montr ","Débit","-21.78","19276.95"
"","2025-06-19","achat pdv","Gpos Petro-Canada 12 ","Débit","-33.17","19298.73"
"","2025-06-19","pmt facture","Pc-Canadian Tire Mastcard 65828630","Débit","-156.36","19331.90"
"","2025-06-19","pmt facture","Pc-Visa Infinite Momentum Scotia 65824445","Débit","-102.90","19488.26"
"","2025-06-19","achat pdv","Gpos Adonis 21943 An     Anjou ","Débit","-76.67","19591.16"
"","2025-06-18","achat pdv","Gpos Bo Bec Creme Gl     Montr ","Débit","-5.30","19667.83"
"","2025-06-17","achat pdv","Gpos Depanneur Chez      Montr ","Débit","-24.18","19673.13"
"","2025-06-17","achat pdv","Iga Barcelo Molson       Montr ","Débit","-60.12","19697.31"
"","2025-06-16","achat pdv","Gpos Marche St Josep     Montr ","Débit","-27.74","19757.43"
"","2025-06-16","achat pdv","Gpos Provigo Rachel      Montr ","Débit","-30.10","19785.17"
"","2025-06-14","achat pdv","Gpos Marche St Josep     Montr ","Débit","-41.89","19815.27"
"","2025-06-13","achat pdv","Gpos Totem Pole High     Kahna ","Débit","-60.00","19857.16"
"","2025-06-13","achat pdv","Gpos Res Gas Bar         Kahna ","Débit","-18.00","19917.16"
"","2025-06-12","achat pdv","Gpos Super C  Pie Ix     Montr ","Débit","-34.97","19935.16"
"","2025-06-11","cheque  208"," ","Débit","-403.77","19970.13"
"","2025-06-11","achat pdv","Gpos Adonis 21943 An     Anjou ","Débit","-91.89","20373.90"
"","2025-06-10","pmt facture","Pc-Visa Infinite Momentum Scotia 44200298","Débit","-878.99","20465.79"
"","2025-06-10","achat pdv","Gpos Marche St Josep     Montr ","Débit","-37.72","21344.78"
"","2025-06-09","assurance","Intact Compagnie D Assurance ","Débit","-81.67","21382.50"
"","2025-06-09","pmt facture","Pc-Visa Infinite Momentum Scotia 41964901","Débit","-8.57","21464.17"
"","2025-06-09","pmt facture","Pc-Canadian Tire Mastcard 39179545","Débit","-18.39","21472.74"
"","2025-06-09","achat pdv","Gpos Francois Trembl     Montr ","Débit","-17.81","21491.13"
"","2025-06-09","achat pdv","Gpos Marche St-Josep     Montr ","Débit","-29.68","21508.94"
"","2025-06-06","assurance","Desjardins Secur. Fin. ","Crédit","1208.48","21538.62"
"","2025-06-06","achat pdv","Gpos Marche St Josep     Montr ","Débit","-4.59","20330.14"
"","2025-06-06","achat pdv","Gpos Marche St-Josep     Montr ","Débit","-53.86","20334.73"
"","2025-06-05","pmt facture","Pc-Bell Facture Unique-14 Digits 32845930","Débit","-71.29","20388.59"
"","2025-06-05","pmt facture","Pc-Visa Infinite Momentum Scotia 31690883","Débit","-6.69","20459.88"
"","2025-06-05","achat pdv","Gpos Marche St Josep     Montr ","Débit","-49.19","20466.57"
"","2025-06-05","achat pdv","Gpos Adonis 21943 An     Anjou ","Débit","-54.13","20515.76"
"","2025-06-05","achat pdv","Gpos Rona+ Galeries      Anjou ","Débit","-16.09","20569.89"
"","2025-06-05","cred. impot solidarite","Gouv. Quebec ","Crédit","101.75","20585.98"
"","2025-06-03","achat pdv","Gpos Francois Trembl     Montr ","Débit","-43.30","20484.23"
"","2025-06-03","achat pdv","Gpos Res Gas Bar         Kahna ","Débit","-25.00","20527.53"
"","2025-06-03","achat pdv","Gpos Totem Pole High     Kahna ","Débit","-60.00","20552.53"
"","2025-06-03","pmt facture","Pc-Hydro Quebec 25768447","Débit","-88.92","20612.53"
"","2025-06-02","pmt facture","Pc-Visa Infinite Momentum Scotia 24949413","Débit","-12.80","20701.45"
"","2025-06-02","achat pdv","Gpos Depanneur Chez      Montr ","Débit","-30.33","20714.25"
"","2025-06-02","achat pdv","Gpos Marche St-Josep     Montr ","Débit","-69.02","20744.58"
"","2025-05-31","pmt facture","Pc-Visa Infinite Momentum Scotia 17947088","Débit","-40.93","20813.60"
"","2025-05-30","pmt facture","Fido Mobile ","Débit","-80.72","20854.53"
"","2025-05-30","pension","Rrq Retraite Quebec ","Crédit","1180.34","20935.25"
"","2025-05-29","assurance","Compagnie D Assurance ","Débit","-93.33","19754.91"
"","2025-05-29","achat pdv","Gpos Depanneur Chez      Montr ","Débit","-37.24","19848.24"
"","2025-05-29","salaire/paye","Groupe Technologies Desj. ","Crédit","4706.57","19885.48"
"","2025-05-28","achat pdv","Gpos Francois Trembl     Montr ","Débit","-27.55","15178.91"
"","2025-05-28","achat pdv","Gpos Depanneur Chez      Montr ","Débit","-56.91","15206.46"
"","2025-05-27","achat pdv","Gpos Depanneur Chez      Montr ","Débit","-40.19","15263.37"
"","2025-05-26","achat pdv","Gpos Depanneur Chez      Montr ","Débit","-40.19","15303.56"
"","2025-05-26","achat pdv","Fpos Depanneur Chez Emilemontr ","Débit","-55.68","15343.75"
"","2025-05-24","achat pdv","Fpos Depanneur Chez Emilemontr ","Débit","-55.68","15399.43"
"","2025-05-24","achat pdv","Gpos Depanneur Chez      Montr ","Débit","-56.91","15455.11"
"","2025-05-23","assurance","Desjardins Secur. Fin. ","Crédit","1208.48","15512.02"
"","2025-05-22","achat pdv","Gpos Depanneur Chez      Montr ","Débit","-57.68","14303.54"
"","2025-05-21","achat pdv","Gpos Depanneur Chez      Montr ","Débit","-24.18","14361.22"
"","2025-05-20","achat pdv","Fpos Depanneur Chez Emilemontr ","Débit","-24.18","14385.40"
"","2025-05-20","achat pdv","Gpos Depanneur Chez      Montr ","Débit","-22.98","14409.58"
"","2025-05-20","achat pdv","Gpos Depanneur Chez      Montr ","Débit","-22.98","14432.56"
"","2025-05-20","achat pdv","Gpos Depanneur Chez      Montr ","Débit","-24.18","14455.54"
"","2025-05-17","achat pdv","Gpos Depanneur Chez      Montr ","Débit","-28.95","14479.72"
"","2025-05-16","achat pdv","Gpos Super C  Pie Ix     Montr ","Débit","-64.64","14508.67"
"","2025-05-16","achat pdv","Gpos Depanneur Chez      Montr ","Débit","-24.18","14573.31"
"","2025-05-16","achat pdv","Gpos Adonis 21943 An     Anjou ","Débit","-59.20","14597.49"
"","2025-05-15","achat pdv","Gpos Marche St-Josep     Montr ","Débit","-27.05","14656.69"
"","2025-05-15","achat pdv","Gpos Marche St-Josep     Montr ","Débit","-42.55","14683.74"
"","2025-05-14","achat pdv","Gpos Provigo Rachel      Montr ","Débit","-68.83","14726.29"
"","2025-05-14","achat pdv","Gpos Sq *325 F | Cui     Montr ","Débit","-29.74","14795.12"
"","2025-05-13","achat pdv","Gpos Marche St Josep     Montr ","Débit","-34.63","14824.86"
"","2025-05-12","pmt facture","Pc-Visa Infinite Momentum Scotia 69715374","Débit","-781.82","14859.49"
"","2025-05-10","achat pdv","Gpos Depanneur Chez      Montr ","Débit","-26.13","15641.31"
"","2025-05-09","assurance","Desjardins Secur. Fin. ","Crédit","1208.48","15667.44"
"","2025-05-09","achat pdv","Gpos Depanneur Chez      Montr ","Débit","-21.78","14458.96"
"","2025-05-09","achat pdv","Gpos Solution Ote        Montr ","Débit","-17.25","14480.74"
"","2025-05-09","achat pdv","Gpos Doyon Despres M     Montr ","Débit","-10.45","14497.99"
"","2025-05-09","achat pdv","Gpos Totem Pole High     Kahna ","Débit","-60.00","14508.44"
"","2025-05-08","assurance","Intact Compagnie D Assurance ","Débit","-81.67","14568.44"
"","2025-05-08","achat pdv","Gpos Depanneur Chez      Montr ","Débit","-21.78","14650.11"
"","2025-05-08","achat pdv","Gpos Marche St-Josep     Montr ","Débit","-31.02","14671.89"
"","2025-05-08","achat pdv","Gpos Depanneur Chez      Montr ","Débit","-24.18","14702.91"
"","2025-05-08","achat pdv","Gpos Kim Phat #3733      Montr ","Débit","-17.80","14727.09"
"","2025-05-08","achat pdv","Gpos Adonis 21943 An     Anjou ","Débit","-60.42","14744.89"
"","2025-05-08","remboursement d'impot","Gouv. Quebec ","Crédit","313.53","14805.31"
"","2025-05-07","achat pdv","Gpos Sq *325 F | Cui     Montr ","Débit","-34.37","14491.78"
"","2025-05-06","achat pdv","Gpos Depanneur Chez      Montr ","Débit","-21.78","14526.15"
"","2025-05-05","pmt facture","Pc-Bell Facture Unique-14 Digits 53720066","Débit","-71.29","14547.93"
"","2025-05-05","achat pdv","Gpos Depanneur Chez      Montr ","Débit","-21.78","14619.22"
"","2025-05-05","remboursement d'impot","Canada ","Crédit","140.52","14641.00"
"","2025-05-05","cred. impot solidarite","Gouv. Quebec ","Crédit","101.75","14500.48"
"","2025-05-05","achat pdv","Fpos Depanneur Chez Emilemontr ","Débit","-22.18","14398.73"
"","2025-05-03","achat pdv","Fpos Depanneur Chez Emilemontr ","Débit","-21.78","14420.91"
"","2025-05-02","cheque  207"," ","Débit","-403.77","14442.69"
"","2025-05-02","achat pdv","Fpos Depanneur Chez Emilemontr ","Débit","-21.78","14846.46"
"","2025-05-02","achat pdv","Fpos Kim Phat #3733      Montr ","Débit","-55.83","14868.24"
"","2025-05-02","achat pdv","Fpos Marche St Joseph    Montr ","Débit","-19.35","14924.07"
"","2025-05-01","achat pdv","Fpos Adonis 21943 Anjou  Anjou ","Débit","-66.81","14943.42"
"","2025-05-01","achat pdv","Fpos Marche St Joseph    Montr ","Débit","-26.42","15010.23"
"","2025-04-30","pmt facture","Fido Mobile ","Débit","-80.96","15036.65"
"","2025-04-30","achat pdv","Fpos Depanneur Chez Emilemontr ","Débit","-26.70","15117.61"
"","2025-04-30","achat pdv","Fpos Ls Aube Cafe        Montr ","Débit","-20.24","15144.31"
"","2025-04-30","pension","Rrq Retraite Quebec ","Crédit","1180.34","15164.55"
"","2025-04-29","assurance","Compagnie D Assurance ","Débit","-93.33","13984.21"
"","2025-04-29","achat pdv","Fpos Marche St Joseph    Montr ","Débit","-25.84","14077.54"
"","2025-04-29","depot","Virement Interac Grat. ","Crédit","23.46","14103.38"
"","2025-04-28","retrait","Virement Interac Grat. ","Débit","-70.00","14079.92"
"","2025-04-26","achat pdv","Fpos Marche St Joseph    Montr ","Débit","-53.88","14149.92"
"","2025-04-26","achat pdv","Depanneur Proprio        Montr ","Débit","-66.50","14203.80"
"","2025-04-26","pmt facture","Pc-Visa Infinite Momentum Scotia 25552681","Débit","-330.21","14270.30"
"","2025-04-25","assurance","Desjardins Secur. Fin. ","Crédit","1208.48","14600.51"
"","2025-04-25","achat pdv","Fpos Res Gas Bar         Kahna ","Débit","-32.00","13392.03"
"","2025-04-25","achat pdv","Fpos Totem Pole High Timekahna ","Débit","-60.00","13424.03"
"","2025-04-24","achat pdv","Fpos Francois Tremblay Phmontr ","Débit","-27.55","13484.03"
"","2025-04-23","achat pdv","Fpos Depanneur Chez Emilemontr ","Débit","-37.24","13511.58"
"","2025-04-23","pmt facture","Pc-Visa Infinite Momentum Scotia 17802824","Débit","-330.00","13548.82"
"","2025-04-22","achat pdv","Depanneur Chez Emile     Montr ","Débit","-53.07","13878.82"
"","2025-04-21","achat pdv","Fpos Marche St-Joseph    Montr ","Débit","-76.18","13931.89"
"","2025-04-21","achat pdv","Fpos Depanneur Chez Emilemontr ","Débit","-30.00","14008.07"
"","2025-04-21","achat pdv","Fpos Depanneur Chez Emilemontr ","Débit","-26.91","14038.07"
"","2025-04-19","achat pdv","Fpos Depanneur Chez Emilemontr ","Débit","-56.91","14064.98"
"","2025-04-19","achat pdv","Fpos Depanneur Chez Emilemontr ","Débit","-40.19","14121.89"
"","2025-04-19","achat pdv","Fpos Depanneur Chez Emilemontr ","Débit","-40.93","14162.08"
"","2025-04-17","achat pdv","Fpos Depanneur Chez Emilemontr ","Débit","-25.82","14203.01"
"","2025-04-16","achat pdv","Fpos Depanneur Chez Emilemontr ","Débit","-25.82","14228.83"
"","2025-04-15","achat pdv","Fpos Depanneur Chez Emilemontr ","Débit","-23.03","14254.65"
"","2025-04-15","pension","Rrq Retraite Quebec ","Crédit","84.28","14277.68"
"","2025-04-15","achat pdv","Fpos Depanneur Chez Emilemontr ","Débit","-23.03","14193.40"
"","2025-04-15","dt trnsfr cl","Achat Placement ","Débit","-1000.00","14216.43"
"","2025-04-14","achat pdv","Fpos Depanneur Chez Emilemontr ","Débit","-23.03","15216.43"
"","2025-04-14","achat pdv","Fpos Marche St-Joseph    Montr ","Débit","-42.61","15239.46"
"","2025-04-12","achat pdv","Fpos Depanneur Chez Emilemontr ","Débit","-29.02","15282.07"
"","2025-04-11","achat pdv","Depanneur Chez Emile     Montr ","Débit","-21.83","15311.09"
"","2025-04-11","assurance","Desjardins Secur. Fin. ","Crédit","1208.48","15332.92"
"","2025-04-11","achat pdv","Fpos Depanneur Chez Emilemontr ","Débit","-20.63","14124.44"
"","2025-04-10","achat pdv","Fpos Depanneur Chez Emilemontr ","Débit","-23.03","14145.07"
"","2025-04-09","achat pdv","Fpos Depanneur Chez Emilemontr ","Débit","-23.03","14168.10"
"","2025-04-09","achat pdv","Gpos Sq *325 F | Cui     Montr ","Débit","-28.76","14191.13"
"","2025-04-08","assurance","Intact Compagnie D Assurance ","Débit","-81.67","14219.89"
"","2025-04-08","achat pdv","Fpos Marche St Joseph    Montr ","Débit","-74.52","14301.56"
"","2025-04-07","achat pdv","Gpos Depanneur Chez      Montr ","Débit","-23.03","14376.08"
"","2025-04-07","achat pdv","Gpos Sq *La Perle D?     Montr ","Débit","-29.08","14399.11"
"","2025-04-07","achat pdv","Gpos Depanneur Chez      Montr ","Débit","-23.03","14428.19"
"","2025-04-07","achat pdv","Fpos Marche St Joseph    Montr ","Débit","-12.50","14451.22"
"","2025-04-05","achat pdv","Gpos Depanneur Chez      Montr ","Débit","-21.83","14463.72"
"","2025-04-05","pmt facture","Pc-Bell Facture Unique-14 Digits 74057808","Débit","-71.29","14485.55"
"","2025-04-04","pmt facture","Pc-Canadian Tire Mastcard 72504020","Débit","-59.69","14556.84"
"","2025-04-04","achat pdv","Gpos Depanneur Chez      Montr ","Débit","-23.03","14616.53"
"","2025-04-04","achat pdv","Gpos Kim Phat #3733      Montr ","Débit","-19.08","14639.56"
"","2025-04-04","achat pdv","Fpos Dollarama #1496     Montr ","Débit","-8.63","14658.64"
"","2025-04-04","tps","Canada ","Crédit","129.75","14667.27"
"","2025-04-04","cred. impot solidarite","Gouv. Quebec ","Crédit","101.75","14537.52"
"","2025-04-03","cheque  175"," ","Débit","-403.77","14435.77"
"","2025-04-03","achat pdv","Fpos Marche St Joseph    Montr ","Débit","-47.73","14839.54"
"","2025-04-03","achat pdv","Fpos Totem Pole High Timekahna ","Débit","-60.00","14887.27"
"","2025-04-02","achat pdv","Gpos Sq *325 F | Cui     Montr ","Débit","-34.37","14947.27"
"","2025-04-02","achat pdv","Gpos March Pelletier     Montr ","Débit","-2.52","14981.64"
"","2025-04-02","pmt facture","Pc-Hydro Quebec 64829573","Débit","-113.96","14984.16"
"","2025-04-01","achat pdv","Gpos Depanneur Chez      Montr ","Débit","-22.98","15098.12"
"","2025-04-01","achat pdv","Gpos Addison Electro     Montr ","Débit","-29.09","15121.10"
"","2025-03-31","assurance","Compagnie D Assurance ","Débit","-93.33","15150.19"
"","2025-03-31","pmt facture","Fido Mobile ","Débit","-80.96","15243.52"
"","2025-03-31","achat pdv","Fpos Adonis 21943 Anjou  Anjou ","Débit","-39.52","15324.48"
"","2025-03-31","achat pdv","Fpos Pizza Scaglione     Anjou ","Débit","-17.22","15364.00"
"","2025-03-31","achat pdv","Fpos Uniprix Sante Sonia Montr ","Débit","-14.94","15381.22"
"","2025-03-29","achat pdv","Fpos Marche St Joseph    Montr ","Débit","-33.52","15396.16"
"","2025-03-29","pmt facture","Pc-Visa Infinite Momentum Scotia 53736594","Débit","-312.71","15429.68"
"","2025-03-28","assurance","Desjardins Secur. Fin. ","Crédit","1748.20","15742.39"
"","2025-03-26","achat pdv","Fpos Depanneur Chez Emilemontr ","Débit","-24.18","13994.19"
"","2025-03-24","achat pdv","Fpos Marche St Joseph    Montr ","Débit","-56.69","14018.37"
"","2025-03-24","achat pdv","Fpos Depanneur Chez Emilemontr ","Débit","-37.00","14075.06"
"","2025-03-24","achat pdv","Gpos Boucherie Beau      Montr ","Débit","-24.48","14112.06"
"","2025-03-24","achat pdv","Super C  Pie Ix   Onta   Montr ","Débit","-31.02","14136.54"
"","2025-03-22","achat pdv","Fpos Marche St Joseph    Montr ","Débit","-41.65","14167.56"
"","2025-03-21","achat pdv","Super C  Pie Ix   Onta   Montr ","Débit","-38.58","14209.21"
"","2025-03-21","achat pdv","Gpos Boucherie Beau      Montr ","Débit","-14.49","14247.79"
"","2025-03-21","achat pdv","Gpos Sq *Mr Cellulai     Montr ","Débit","-137.97","14262.28"
"","2025-03-21","achat pdv","Fpos Marche St Joseph    Montr ","Débit","-18.66","14400.25"
"","2025-03-21","achat pdv","Iga Barcelo Molson       Montr ","Débit","-25.38","14418.91"
"","2025-03-20","achat pdv","Gpos Res Gas Bar         Kahna ","Débit","-19.00","14444.29"
"","2025-03-20","achat pdv","Gpos Totem Pole High     Kahna ","Débit","-60.00","14463.29"
"","2025-03-19","achat pdv","Gpos Sq *325 F | Cui     Montr ","Débit","-34.37","14523.29"
"","2025-03-19","achat pdv","Gpos Francois Trembl     Montr ","Débit","-51.22","14557.66"
"","2025-03-19","pmt facture","Pc-Visa Infinite Momentum Scotia 27926107","Débit","-312.71","14608.88"
"","2025-03-17","achat pdv","Gpos Metro Beaubien      Montr ","Débit","-39.21","14921.59"
"","2025-03-17","achat pdv","Gpos Villa Madina Ha     Anjou ","Débit","-12.49","14960.80"
"","2025-03-15","dt trnsfr cl","Achat Placement ","Débit","-1000.00","14973.29"
"","2025-03-14","assurance","Desjardins Secur. Fin. ","Crédit","1748.20","15973.29"
"","2025-03-12","achat pdv","Gpos Depanneur Chez      Montr ","Débit","-37.00","14225.09"
"","2025-03-11","achat pdv","Fpos Depanneur Chez Emilemontr ","Débit","-61.18","14262.09"
"","2025-03-10","assurance","Intact Compagnie D Assurance ","Débit","-81.77","14323.27"
"","2025-03-10","achat pdv","Gpos Depanneur Chez      Montr ","Débit","-58.65","14405.04"
"","2025-03-08","achat pdv","Gpos Depanneur Chez      Montr ","Débit","-35.80","14463.69"
"","2025-03-08","achat pdv","Gpos Marche St-Josep     Montr ","Débit","-29.87","14499.49"
"","2025-03-07","achat pdv","Gpos Marche St-Josep     Montr ","Débit","-63.20","14529.36"
"","2025-03-07","achat pdv","Gpos Kim Phat #3733      Montr ","Débit","-46.30","14592.56"
"","2025-03-06","achat pdv","Gpos Marche St Josep     Montr ","Débit","-40.33","14638.86"
"","2025-03-05","achat pdv","Gpos Provigo Rachel      Montr ","Débit","-45.44","14679.19"
"","2025-03-05","pmt facture","Pc-Bell Facture Unique-14 Digits 94143843","Débit","-71.29","14724.63"
"","2025-03-05","achat pdv","Gpos Depanneur Chez      Montr ","Débit","-22.98","14795.92"
"","2025-03-05","cred. impot solidarite","Gouv. Quebec ","Crédit","101.75","14818.90"
"","2025-03-04","achat pdv","Gpos Depanneur Chez      Montr ","Débit","-27.77","14717.15"
"","2025-03-03","cheque  174"," ","Débit","-403.77","14744.92"
"","2025-03-03","pmt facture","Fido Mobile ","Débit","-88.55","15148.69"
"","2025-03-03","achat pdv","Gpos Depanneur Chez      Montr ","Débit","-24.18","15237.24"
"","2025-03-03","achat pdv","Gpos Adonis 21943 An     Anjou ","Débit","-80.31","15261.42"
"","2025-03-03","achat pdv","Gpos Villa Madina Ha     Anjou ","Débit","-20.89","15341.73"
"","2025-03-03","achat pdv","Gpos Marche St-Josep     Montr ","Débit","-11.46","15362.62"
"","2025-03-01","achat pdv","Gpos Super C  Pie Ix     Montr ","Débit","-48.13","15374.08"
"","2025-03-01","achat pdv","Gpos Iga Barcelo Mol     Montr ","Débit","-42.94","15422.21"
"","2025-02-28","assurance","Compagnie D Assurance ","Débit","-93.33","15465.15"
"","2025-02-28","assurance","Desjardins Secur. Fin. ","Crédit","1748.20","15558.48"
"","2025-02-28","achat pdv","Gpos Depanneur Chez      Montr ","Débit","-22.98","13810.28"
"","2025-02-28","achat pdv","Gpos Marche St Josep     Montr ","Débit","-8.77","13833.26"
"","2025-02-28","achat pdv","Gpos Res Gas Bar         Kahna ","Débit","-18.00","13842.03"
"","2025-02-28","achat pdv","Gpos Totem Pole High     Kahna ","Débit","-80.00","13860.03"
"","2025-02-27","achat pdv","Gpos Kim Phat #3733      Montr ","Débit","-37.02","13940.03"
"","2025-02-27","achat pdv","Gpos Marche St-Josep     Montr ","Débit","-37.73","13977.05"
"","2025-02-26","achat pdv","Gpos Sq *325 F | Cui     Montr ","Débit","-27.76","14014.78"
"","2025-02-24","pmt facture","Pc-Canadian Tire Mastcard 67637935","Débit","-7.13","14042.54"
"","2025-02-24","achat pdv","Fpos Marche St Joseph    Montr ","Débit","-66.64","14049.67"
"","2025-02-22","achat pdv","Gpos Depanneur Chez      Montr ","Débit","-41.48","14116.31"
"","2025-02-21","achat pdv","Gpos Depanneur Chez      Montr ","Débit","-41.48","14157.79"
"","2025-02-20","achat pdv","Gpos Depanneur Chez      Montr ","Débit","-40.68","14199.27"
"","2025-02-20","achat pdv","Gpos Marche St-Josep     Montr ","Débit","-20.44","14239.95"
"","2025-02-20","achat pdv","Gpos Maxi #8797          Montr ","Débit","-48.03","14260.39"
"","2025-02-19","achat pdv","Gpos Fruiterie 440 H     Anjou ","Débit","-4.48","14308.42"
"","2025-02-19","achat pdv","Gpos Odessa Anjou        Anjou ","Débit","-18.37","14312.90"
"","2025-02-19","achat pdv","Gpos Maxi #8797          Montr ","Débit","-14.67","14331.27"
"","2025-02-17","achat pdv","Gpos Marche St Josep     Montr ","Débit","-55.60","14345.94"
"","2025-02-15","achat pdv","Gpos Francois Trembl     Montr ","Débit","-32.06","14401.54"
"","2025-02-15","achat pdv","Gpos Marche St Josep     Montr ","Débit","-58.09","14433.60"
"","2025-02-15","dt trnsfr cl","Achat Placement ","Débit","-1000.00","14491.69"
"","2025-02-14","assurance","Desjardins Secur. Fin. ","Crédit","1748.20","15491.69"
"","2025-02-14","achat pdv","Gpos Marche St Josep     Montr ","Débit","-36.08","13743.49"
"","2025-02-14","achat pdv","Gpos Kim Phat #3733      Montr ","Débit","-60.39","13779.57"
"","2025-02-14","achat pdv","Gpos Res Gas Bar         Kahna ","Débit","-17.01","13839.96"
"","2025-02-14","achat pdv","Gpos Totem Pole High     Kahna ","Débit","-80.00","13856.97"
"","2025-02-12","achat pdv","Gpos Marche St Josep     Montr ","Débit","-36.08","13936.97"
"","2025-02-12","achat pdv","Gpos Sq *325 F | Cui     Montr ","Débit","-32.25","13973.05"
"","2025-02-11","achat pdv","Gpos Marche St Josep     Montr ","Débit","-36.08","14005.30"
"","2025-02-10","assurance","Compagnie D Assurance ","Débit","-84.63","14041.38"
"","2025-02-10","achat pdv","Gpos Adonis 21943 An     Anjou ","Débit","-58.37","14126.01"
"","2025-02-10","achat pdv","Gpos Pizza Scaglione     Anjou ","Débit","-9.33","14184.38"
"","2025-02-10","achat pdv","Gpos Uniprix Sante S     Montr ","Débit","-18.60","14193.71"
"","2025-02-08","achat pdv","Fpos Depanneur Chez Emilemontr ","Débit","-21.98","14212.31"
"","2025-02-08","achat pdv","Gpos Marche St Josep     Montr ","Débit","-45.07","14234.29"
"","2025-02-07","achat pdv","Gpos Marche St Josep     Montr ","Débit","-61.39","14279.36"
"","2025-02-07","pmt facture","Pc-Saaq Permis De Conduire 25190740","Débit","-26.25","14340.75"
"","2025-02-06","pmt facture","Pc-Bell Facture Unique-14 Digits 23494758","Débit","-67.84","14367.00"
"","2025-02-06","achat pdv","Gpos Tabagie Masson      Montr ","Débit","-17.24","14434.84"
"","2025-02-06","achat pdv","Gpos Marche St Josep     Montr ","Débit","-4.51","14452.08"
"","2025-02-06","achat pdv","Gpos Marche St Josep     Montr ","Débit","-44.66","14456.59"
"","2025-02-06","achat pdv","Gpos Iga Barcelo Mol     Montr ","Débit","-43.77","14501.25"
"","2025-02-05","achat pdv","Gpos Depanneur Chez      Montr ","Débit","-21.18","14545.02"
"","2025-02-05","pmt facture","Pc-Ville De Montreal - Taxes 20236677","Débit","-2188.27","14566.20"
"","2025-02-05","achat pdv","Gpos Odessa Anjou        Anjou ","Débit","-17.13","16754.47"
"","2025-02-05","achat pdv","Gpos Uniprix Sante S     Montr ","Débit","-11.49","16771.60"
"","2025-02-05","cred. impot solidarite","Gouv. Quebec ","Crédit","101.75","16783.09"
"","2025-02-04","pmt facture","Pc-Hydro Quebec 16697249","Débit","-138.24","16681.34"
"","2025-02-03","cheque  173"," ","Débit","-403.77","16819.58"
"","2025-02-03","achat pdv","Gpos Marche St-Josep     Montr ","Débit","-38.19","17223.35"
"","2025-02-03","achat pdv","Gpos Marche St Josep     Montr ","Débit","-65.76","17261.54"
"","2025-02-01","achat pdv","Gpos Depanneur Chez      Montr ","Débit","-21.18","17327.30"
"","2025-02-01","achat pdv","Gpos Marche St Josep     Montr ","Débit","-41.92","17348.48"
"","2025-02-01","achat pdv","Gpos Adonis 21942 Se     Montr ","Débit","-29.70","17390.40"
"","2025-02-01","achat pdv","Gpos Matadar Distrib     Kahna ","Débit","-22.00","17420.10"
"","2025-02-01","achat pdv","Gpos Totem Pole High     Kahna ","Débit","-80.00","17442.10"
"","2025-01-31","assurance","Desjardins Secur. Fin. ","Crédit","1748.20","17522.10"
"","2025-01-30","pmt facture","Fido Mobile ","Débit","-80.96","15773.90"
"","2025-01-30","achat pdv","Gpos Marche St-Josep     Montr ","Débit","-53.41","15854.86"
"","2025-01-30","achat pdv","Gpos Kim Phat #3733      Montr ","Débit","-42.81","15908.27"
"","2025-01-29","assurance","Compagnie D Assurance ","Débit","-93.33","15951.08"
"","2025-01-29","achat pdv","Gpos Depanneur Chez      Montr ","Débit","-23.18","16044.41"
"","2025-01-29","achat pdv","Gpos Couchetard #354 ","Débit","-26.48","16067.59"
"","2025-01-29","achat pdv","Gpos Cafe Van Houtte     Montr ","Débit","-15.94","16094.07"
"","2025-01-27","achat pdv","Gpos Villa Madina Ha     Anjou ","Débit","-19.17","16110.01"
"","2025-01-27","pmt facture","Pc-Visa Infinite Momentum Scotia 92488152","Débit","-0.55","16129.18"
"","2025-01-27","achat pdv","Gpos Depanneur Chez      Montr ","Débit","-23.18","16129.73"
"","2025-01-25","achat pdv","Gpos Depanneur Chez      Montr ","Débit","-20.08","16152.91"
"","2025-01-25","achat pdv","Gpos Marche St Josep     Montr ","Débit","-17.59","16172.99"
"","2025-01-24","achat pdv","Gpos Marche St Josep     Montr ","Débit","-36.08","16190.58"
"","2025-01-24","achat pdv","Gpos Pharmaprix #195     Saint ","Débit","-19.04","16226.66"
"","2025-01-24","achat pdv","Gpos Bureau En Gros      Saint ","Débit","-15.00","16245.70"
"","2025-01-24","achat pdv","Gpos Marche St Josep     Montr ","Débit","-23.97","16260.70"
"","2025-01-24","achat pdv","Gpos Kim Phat #3733      Montr ","Débit","-28.50","16284.67"
"","2025-01-22","achat pdv","Gpos Adonis 21943 An     Anjou ","Débit","-63.47","16313.17"
"","2025-01-22","achat pdv","Gpos Cafe Plantation     Anjou ","Débit","-5.50","16376.64"
"","2025-01-21","achat pdv","Gpos Depanneur Chez      Montr ","Débit","-21.98","16382.14"
"","2025-01-20","achat pdv","Gpos Marche St Josep     Montr ","Débit","-0.58","16404.12"
"","2025-01-20","achat pdv","Gpos Marche St Josep     Montr ","Débit","-36.17","16404.70"
"","2025-01-18","achat pdv","Fpos Depanneur Chez Emilemontr ","Débit","-21.98","16440.87"
"","2025-01-17","assurance","Desjardins Secur. Fin. ","Crédit","1748.20","16462.85"
"","2025-01-17","achat pdv","Gpos Marche St Josep     Montr ","Débit","-42.45","14714.65"
"","2025-01-17","achat pdv","Gpos Francois Trembl     Montr ","Débit","-48.15","14757.10"
"","2025-01-17","achat pdv","Gpos Res Gas Bar         Kahna ","Débit","-33.00","14805.25"
"","2025-01-17","achat pdv","Gpos Totem Pole High     Kahna ","Débit","-82.00","14838.25"
"","2025-01-16","achat pdv","Gpos Kim Phat #3733      Montr ","Débit","-44.08","14920.25"
"","2025-01-16","achat pdv","Gpos Adonis 21943 An     Anjou ","Débit","-55.55","14964.33"
"","2025-01-15","dt trnsfr cl","Achat Placement ","Débit","-1000.00","15019.88"
"","2025-01-14","achat pdv","Gpos Iga Barcelo Mol     Montr ","Débit","-9.01","16019.88"
"","2025-01-14","achat pdv","Gpos Marche St Josep     Montr ","Débit","-38.39","16028.89"
"","2025-01-14","achat pdv","Gpos Marche St Josep     Montr ","Débit","-4.99","16067.28"
"","2025-01-13","achat pdv","Gpos Walmart Store #     Montr ","Débit","-68.20","16072.27"
"","2025-01-11","pmt facture","Pc-Visa Infinite Momentum Scotia 55570715","Débit","-205.16","16140.47"
"","2025-01-11","achat pdv","Gpos Marche St Josep     Montr ","Débit","-9.13","16345.63"
"","2025-01-11","achat pdv","Gpos Marche St Josep     Montr ","Débit","-19.43","16354.76"
"","2025-01-09","achat pdv","Gpos Marche St Josep     Montr ","Débit","-12.63","16374.19"
"","2025-01-09","achat pdv","Gpos Marche St Josep     Montr ","Débit","-10.07","16386.82"
"","2025-01-09","achat pdv","Gpos Kim Phat #3733      Montr ","Débit","-58.04","16396.89"
"","2025-01-08","assurance","Compagnie D Assurance ","Débit","-84.63","16454.93"
"","2025-01-08","achat pdv","Gpos Adonis 21943 An     Anjou ","Débit","-39.01","16539.56"
"","2025-01-08","achat pdv","Gpos Boucherie Willi     Anjou ","Débit","-6.00","16578.57"
"","2025-01-08","achat pdv","Gpos Odessa Anjou        Anjou ","Débit","-14.29","16584.57"
"","2025-01-08","achat pdv","Gpos Francois Trembl     Montr ","Débit","-36.19","16598.86"
"","2025-01-06","cheque  172"," ","Débit","-403.77","16635.05"
"","2025-01-06","pmt facture","Pc-Bell Facture Unique-14 Digits 40347946","Débit","-67.84","17038.82"
"","2025-01-06","achat pdv","Fpos Marche St Joseph    Montr ","Débit","-31.75","17106.66"
"","2025-01-04","pmt facture","Pc-Visa Infinite Momentum Scotia 36152948","Débit","-68.81","17138.41"
"","2025-01-03","assurance","Desjardins Secur. Fin. ","Crédit","1724.20","17207.22"
"","2025-01-03","achat pdv","Gpos Totem Pole High     Kahna ","Débit","-80.00","15483.02"
"","2025-01-03","tps","Canada ","Crédit","129.75","15563.02"
"","2025-01-03","cred. impot solidarite","Gouv. Quebec ","Crédit","101.75","15433.27"
"","2025-01-02","achat pdv","Gpos Depanneur Chez      Montr ","Débit","-31.40","15331.52"
"","2025-01-02","achat pdv","Gpos Depanneur Chez      Montr ","Débit","-31.40","15362.92"
"","2024-12-30","pmt facture","Fido Mobile ","Débit","-80.96","15394.32"
"","2024-12-30","assurance","Compagnie D Assurance ","Débit","-93.33","15475.28"
"","2024-12-30","achat pdv","Gpos Depanneur Chez      Montr ","Débit","-51.09","15568.61"
"","2024-12-30","achat pdv","Gpos Depanneur Chez      Montr ","Débit","-66.79","15619.70"
"","2024-12-28","achat pdv","Gpos Depanneur Chez      Montr ","Débit","-35.39","15686.49"
"","2024-12-27","achat pdv","Gpos Depanneur Chez      Montr ","Débit","-35.39","15721.88"
"","2024-12-27","achat pdv","Gpos Depanneur Chez      Montr ","Débit","-35.39","15757.27"
"","2024-12-27","achat pdv","Gpos Depanneur Chez      Montr ","Débit","-35.39","15792.66"
"","2024-12-27","achat pdv","Gpos Depanneur Chez      Montr ","Débit","-55.00","15828.05"
"","2024-12-24","achat pdv","Gpos Depanneur Chez      Montr ","Débit","-35.39","15883.05"
"","2024-12-23","achat pdv","Fpos Depanneur Chez Emilemontr ","Débit","-38.38","15918.44"
"","2024-12-23","achat pdv","Fpos Depanneur Chez Emilemontr ","Débit","-35.39","15956.82"
"","2024-12-21","achat pdv","Fpos Depanneur Chez Emilemontr ","Débit","-38.88","15992.21"
"","2024-12-20","achat pdv","Gpos Depanneur Chez      Montr ","Débit","-40.20","16031.09"
"","2024-12-19","assurance","Desjardins Secur. Fin. ","Crédit","1713.92","16071.29"
"","2024-12-19","achat pdv","Fpos Depanneur Chez Emilemontr ","Débit","-35.39","14357.37"
"","2024-12-19","achat pdv","Gpos Marche St Josep     Montr ","Débit","-92.90","14392.76"
"","2024-12-18","achat pdv","Gpos Adonis 21943 An     Anjou ","Débit","-79.53","14485.66"
"","2024-12-18","achat pdv","Gpos Odessa Anjou        Anjou ","Débit","-14.27","14565.19"
"","2024-12-18","achat pdv","Gpos Fromagerie Des      Anjou ","Débit","-8.19","14579.46"
"","2024-12-18","achat pdv","Gpos Uniprix Sante S     Montr ","Débit","-14.94","14587.65"
"","2024-12-17","achat pdv","Gpos Marche St Josep     Montr ","Débit","-40.96","14602.59"
"","2024-12-16","achat pdv","Gpos Centre Des Vian     Montr ","Débit","-17.99","14643.55"
"","2024-12-16","achat pdv","Gpos Marche St Josep     Montr ","Débit","-42.88","14661.54"
"","2024-12-16","achat pdv","Gpos Super C  Pie Ix     Montr ","Débit","-74.58","14704.42"
"","2024-12-16","dt trnsfr cl","Achat Placement ","Débit","-1000.00","14779.00"
"","2024-12-13","achat pdv","Gpos Marche St Josep     Montr ","Débit","-5.06","15779.00"
"","2024-12-13","achat pdv","Gpos Maxi #8797          Montr ","Débit","-5.00","15784.06"
"","2024-12-13","achat pdv","Gpos Francois Trembl     Montr ","Débit","-36.65","15789.06"
"","2024-12-13","achat pdv","Gpos Totem Pole High     Kahna ","Débit","-80.00","15825.71"
"","2024-12-13","achat pdv","Gpos Res Gas Bar         Kahna ","Débit","-26.00","15905.71"
"","2024-12-12","achat pdv","Gpos Depanneur Chez      Montr ","Débit","-15.70","15931.71"
"","2024-12-12","achat pdv","Gpos Marche St-Josep     Montr ","Débit","-29.66","15947.41"
"","2024-12-12","achat pdv","Gpos Provigo Rachel      Montr ","Débit","-34.07","15977.07"
"","2024-12-12","achat pdv","Gpos Kim Phat #3733      Montr ","Débit","-55.11","16011.14"
"","2024-12-11","achat pdv","Gpos Depanneur Chez      Montr ","Débit","-15.70","16066.25"
"","2024-12-11","achat pdv","Gpos Les Bordelais       Montr ","Débit","-43.50","16081.95"
"","2024-12-10","achat pdv","Gpos Depanneur Chez      Montr ","Débit","-20.15","16125.45"
"","2024-12-09","assurance","Compagnie D Assurance ","Débit","-84.63","16145.60"
"","2024-12-09","pmt facture","Pc-Bell Facture Unique-14 Digits 67819919","Débit","-67.84","16230.23"
"","2024-12-07","achat pdv","Gpos Depanneur Chez      Montr ","Débit","-37.00","16298.07"
"","2024-12-06","assurance","Desjardins Secur. Fin. ","Crédit","1713.92","16335.07"
"","2024-12-06","achat pdv","Gpos Depanneur Chez      Montr ","Débit","-37.00","14621.15"
"","2024-12-05","achat pdv","Gpos Depanneur Chez      Montr ","Débit","-37.00","14658.15"
"","2024-12-05","achat pdv","Gpos Depanneur Chez      Montr ","Débit","-37.00","14695.15"
"","2024-12-05","cred. impot solidarite","Gouv. Quebec ","Crédit","101.75","14732.15"
"","2024-12-04","cheque  171"," ","Débit","-403.77","14630.40"
"","2024-12-04","achat pdv","Gpos Depanneur Chez      Montr ","Débit","-37.00","15034.17"
"","2024-12-03","achat pdv","Gpos Depanneur Chez      Montr ","Débit","-37.00","15071.17"
"","2024-12-02","pmt facture","Fido Mobile ","Débit","-80.96","15108.17"
"","2024-12-02","achat pdv","Gpos Depanneur Chez      Montr ","Débit","-45.50","15189.13"
"","2024-12-02","achat pdv","Fpos Depanneur Chez Emilemontr ","Débit","-37.00","15234.63"
"","2024-11-30","achat pdv","Gpos Marche St-Josep     Montr ","Débit","-52.54","15271.63"
"","2024-11-30","achat pdv","Gpos Marche St Josep     Montr ","Débit","-36.71","15324.17"
"","2024-11-29","assurance","Compagnie D Assurance ","Débit","-93.33","15360.88"
"","2024-11-29","achat pdv","Fpos Depanneur Chez Emilemontr ","Débit","-19.82","15454.21"
"","2024-11-29","achat pdv","Gpos Marche St Josep     Montr ","Débit","-81.90","15474.03"
"","2024-11-29","achat pdv","Gpos Iga Barcelo Mol     Montr ","Débit","-16.59","15555.93"
"","2024-11-29","pmt facture","Pc-Hydro Quebec 38936929","Débit","-100.26","15572.52"
"","2024-11-28","achat pdv","Gpos Pho Jean Talon      Montr ","Débit","-24.43","15672.78"
"","2024-11-28","achat pdv","Gpos Marche Oriental     Montr ","Débit","-54.70","15697.21"
"","2024-11-27","achat pdv","Gpos Sq *325 F | Cui     Montr ","Débit","-33.05","15751.91"
"","2024-11-27","achat pdv","Gpos Super C  Pie Ix     Montr ","Débit","-32.63","15784.96"
"","2024-11-25","pmt facture","Pc-Visa Infinite Momentum Scotia 28671748","Débit","-8.20","15817.59"
"","2024-11-25","achat pdv","Gpos Villa Madina Ha     Anjou ","Débit","-8.71","15825.79"
"","2024-11-25","achat pdv","Gpos Saq23185 Atelie     Montr ","Débit","-13.55","15834.50"
"","2024-11-25","achat pdv","Gpos Poissonnerie La     Montr ","Débit","-51.41","15848.05"
"","2024-11-23","achat pdv","Gpos Depanneur Chez      Montr ","Débit","-39.52","15899.46"
"","2024-11-23","achat pdv","Gpos Marche St-Josep     Montr ","Débit","-35.91","15938.98"
"","2024-11-22","assurance","Desjardins Secur. Fin. ","Crédit","1713.92","15974.89"
"","2024-11-22","achat pdv","Gpos Marche St Josep     Montr ","Débit","-25.61","14260.97"
"","2024-11-22","achat pdv","Gpos Marche St Josep     Montr ","Débit","-46.20","14286.58"
"","2024-11-22","achat pdv","Gpos Adonis 21941 Br     Bross ","Débit","-44.73","14332.78"
"","2024-11-22","achat pdv","Gpos Res Gas Bar         Kahna ","Débit","-24.00","14377.51"
"","2024-11-22","achat pdv","Gpos Totem Pole High     Kahna ","Débit","-80.00","14401.51"
"","2024-11-22","pmt facture","Pc-Visa Infinite Momentum Scotia 21235451","Débit","-106.29","14481.51"
"","2024-11-21","achat pdv","Gpos Kim Phat #3733      Montr ","Débit","-44.55","14587.80"
"","2024-11-20","pmt facture","Pc-Visa Infinite Momentum Scotia 17296451","Débit","-24.43","14632.35"
"","2024-11-19","achat pdv","Gpos Maxi #8797          Montr ","Débit","-35.61","14656.78"
"","2024-11-19","achat pdv","Gpos Francois Trembl     Montr ","Débit","-21.40","14692.39"
"","2024-11-18","pmt facture","Pc-Visa Infinite Momentum Scotia 12322651","Débit","-15.40","14713.79"
"","2024-11-18","achat pdv","Gpos Fromagerie Cava     Montr ","Débit","-16.81","14729.19"
"","2024-11-18","pmt facture","Pc-Canadian Tire Mastcard 09979957","Débit","-16.09","14746.00"
"","2024-11-18","achat pdv","Gpos Rona Le Quincai     Montr ","Débit","-32.18","14762.09"
"","2024-11-15","achat pdv","Gpos Marche St-Josep     Montr ","Débit","-52.58","14794.27"
"","2024-11-15","achat pdv","Gpos Kim Phat #3733      Montr ","Débit","-57.76","14846.85"
"","2024-11-15","dt trnsfr cl","Achat Placement ","Débit","-1000.00","14904.61"
"","2024-11-14","achat pdv","Gpos Super C  Pie Ix     Montr ","Débit","-20.91","15904.61"
"","2024-11-14","achat pdv","Gpos Marche St Josep     Montr ","Débit","-83.78","15925.52"
"","2024-11-14","pmt facture","Pc-Visa Infinite Momentum Scotia 00160013","Débit","-186.55","16009.30"
"","2024-11-13","achat pdv","Gpos Sq *325 F | Cui     Montr ","Débit","-27.09","16195.85"
"","2024-11-12","achat pdv","Gpos Francois Trembl     Montr ","Débit","-26.38","16222.94"
"","2024-11-12","achat pdv","Gpos Adonis 21943 An     Anjou ","Débit","-68.31","16249.32"
"","2024-11-12","achat pdv","Gpos Rona Anjou 4111     Anjou ","Débit","-6.89","16317.63"
"","2024-11-12","achat pdv","Gpos Fromagerie Cava     Montr ","Débit","-17.79","16324.52"
"","2024-11-08","assurance","Compagnie D Assurance ","Débit","-84.63","16342.31"
"","2024-11-08","assurance","Desjardins Secur. Fin. ","Crédit","1713.92","16426.94"
"","2024-11-08","achat pdv","Gpos Depanneur Chez      Montr ","Débit","-31.40","14713.02"
"","2024-11-07","depot","Virement Interac Grat. ","Crédit","280.00","14744.42"
"","2024-11-07","pmt facture","Pc-Bell Facture Unique-14 Digits 82504167","Débit","-67.84","14464.42"
"","2024-11-07","achat pdv","Gpos Depanneur Chez      Montr ","Débit","-52.70","14532.26"
"","2024-11-07","pmt facture","Pc-Visa Infinite Momentum Scotia 81812892","Débit","-67.84","14584.96"
"","2024-11-06","achat pdv","Gpos Depanneur Chez      Montr ","Débit","-37.00","14652.80"
"","2024-11-05","achat pdv","Gpos Depanneur Chez      Montr ","Débit","-37.00","14689.80"
"","2024-11-05","cred. impot solidarite","Gouv. Quebec ","Crédit","101.75","14726.80"
"","2024-11-04","cheque  170"," ","Débit","-403.77","14625.05"
"","2024-11-04","achat pdv","Gpos Marche St Josep     Montr ","Débit","-32.17","15028.82"
"","2024-11-04","achat pdv","Gpos Fromagerie Cava     Montr ","Débit","-18.37","15060.99"
"","2024-11-04","achat pdv","Gpos Cafe Plantation     Anjou ","Débit","-13.80","15079.36"
"","2024-11-04","achat pdv","Fpos Depanneur Chez Emilemontr ","Débit","-37.00","15093.16"
"","2024-11-04","achat pdv","Gpos Marche St Josep     Montr ","Débit","-63.72","15130.16"
"","2024-11-02","achat pdv","Gpos Depanneur Chez      Montr ","Débit","-37.00","15193.88"
"","2024-11-01","achat pdv","Gpos Depanneur Chez      Montr ","Débit","-37.00","15230.88"
"","2024-11-01","pmt facture","Pc-Visa Infinite Momentum Scotia 65516081","Débit","-23.04","15267.88"
"","2024-10-31","achat pdv","Gpos Depanneur Chez      Montr ","Débit","-39.52","15290.92"
"","2024-10-30","pmt facture","Fido Mobile ","Débit","-80.96","15330.44"
"","2024-10-30","achat pdv","Fpos Depanneur Chez Emilemontr ","Débit","-37.00","15411.40"
"","2024-10-30","pmt facture","Pc-Visa Infinite Momentum Scotia 60315611","Débit","-45.58","15448.40"
"","2024-10-30","achat pdv","Gpos Marche St Josep     Montr ","Débit","-42.16","15493.98"
"","2024-10-29","assurance","Compagnie D Assurance ","Débit","-93.33","15536.14"
"","2024-10-29","pmt facture","Pc-Visa Infinite Momentum Scotia 56173320","Débit","-238.71","15629.47"
"","2024-10-28","achat pdv","Gpos Marche St Josep     Montr ","Débit","-37.53","15868.18"
"","2024-10-28","achat pdv","Gpos Adonis 21943 An     Anjou ","Débit","-37.96","15905.71"
"","2024-10-28","achat pdv","Gpos Fromagerie Cava     Montr ","Débit","-17.58","15943.67"
"","2024-10-26","achat pdv","Marche St-Joseph         Montr ","Débit","-61.58","15961.25"
"","2024-10-26","pmt facture","Pc-Visa Infinite Momentum Scotia 49584134","Débit","-146.23","16022.83"
"","2024-10-26","depot","Bm-Dep ","Crédit","150.00","16169.06"
"","2024-10-25","assurance","Desjardins Secur. Fin. ","Crédit","1713.92","16019.06"
"","2024-10-25","achat pdv","Gpos Adonis 21943 An     Anjou ","Débit","-82.38","14305.14"
"","2024-10-24","achat pdv","Gpos Harmonie Orient     Lasal ","Débit","-22.70","14387.52"
"","2024-10-24","pmt facture","Pc-Visa Infinite Momentum Scotia 43798906","Débit","-172.41","14410.22"
"","2024-10-23","pmt facture","Pc-Visa Infinite Momentum Scotia 41061151","Débit","-105.59","14582.63"
"","2024-10-21","achat pdv","Gpos Provigo Rachel      Montr ","Débit","-26.49","14688.22"
"","2024-10-21","achat pdv","Gpos Iga Barcelo Mol     Montr ","Débit","-11.99","14714.71"
"","2024-10-19","achat pdv","Gpos Marche St-Josep     Montr ","Débit","-26.25","14726.70"
"","2024-10-19","achat pdv","Gpos Kim Phat #3733      Montr ","Débit","-87.37","14752.95"
"","2024-10-19","achat pdv","Gpos Pharmaprix #181     Montr ","Débit","-18.25","14840.32"
"","2024-10-18","achat pdv","Gpos Adonis 21942 Se     Montr ","Débit","-10.62","14858.57"
"","2024-10-18","achat pdv","Gpos Res Gas Bar         Kahna ","Débit","-13.00","14869.19"
"","2024-10-18","achat pdv","Gpos Totem Pole High     Kahna ","Débit","-80.00","14882.19"
"","2024-10-17","achat pdv","Gpos Marche St Josep     Montr ","Débit","-12.06","14962.19"
"","2024-10-16","achat pdv","Gpos Marche St-Josep     Montr ","Débit","-24.93","14974.25"
"","2024-10-16","achat pdv","Gpos Sq *325 F | Cui     Montr ","Débit","-29.08","14999.18"
"","2024-10-15","dt trnsfr cl","Achat Placement ","Débit","-1000.00","15028.26"
"","2024-10-15","achat pdv","Fpos Francois Tremblay Phmontr ","Débit","-32.06","16028.26"
"","2024-10-15","pmt facture","Pc-Visa Infinite Momentum Scotia 18494562","Débit","-303.47","16060.32"
"","2024-10-11","achat pdv","Gpos Depanneur Chez      Montr ","Débit","-37.00","16363.79"
"","2024-10-11","assurance","Desjardins Secur. Fin. ","Crédit","1713.92","16400.79"
"","2024-10-10","achat pdv","Gpos Depanneur Chez      Montr ","Débit","-55.50","14686.87"
"","2024-10-09","achat pdv","Fpos Depanneur Chez Emilemontr ","Débit","-55.50","14742.37"
"","2024-10-08","assurance","Compagnie D Assurance ","Débit","-84.63","14797.87"
"","2024-10-08","achat pdv","Fpos Depanneur Chez Emilemontr ","Débit","-55.50","14882.50"
"","2024-10-07","pmt facture","Pc-Bell Facture Unique-14 Digits 02203171","Débit","-67.84","14938.00"
"","2024-10-07","achat pdv","Gpos Marche St Josep     Montr ","Débit","-50.35","15005.84"
"","2024-10-07","achat pdv","Gpos Boucherie Mondi     Montr ","Débit","-18.81","15056.19"
"","2024-10-07","achat pdv","Gpos Cafe Du Marche      Montr ","Débit","-4.33","15075.00"
"","2024-10-07","achat pdv","Gpos Marche St Josep     Montr ","Débit","-83.72","15079.33"
"","2024-10-04","achat pdv","Gpos Depanneur Chez      Montr ","Débit","-37.00","15163.05"
"","2024-10-04","achat pdv","Gpos Marche St-Josep     Montr ","Débit","-40.46","15200.05"
"","2024-10-04","achat pdv","Gpos Res Gas Bar         Kahna ","Débit","-30.04","15240.51"
"","2024-10-04","achat pdv","Gpos Totem Pole High     Kahna ","Débit","-80.00","15270.55"
"","2024-10-04","tps","Canada ","Crédit","129.75","15350.55"
"","2024-10-04","cred. impot solidarite","Gouv. Quebec ","Crédit","101.75","15220.80"
"","2024-10-03","achat pdv","Gpos Marche St Josep     Montr ","Débit","-63.21","15119.05"
"","2024-10-02","cheque  169"," ","Débit","-403.77","15182.26"
"","2024-10-02","achat pdv","Gpos Adonis 21943 An     Anjou ","Débit","-60.08","15586.03"
"","2024-10-02","achat pdv","Gpos Adonis 21943 An     Anjou ","Débit","-17.22","15646.11"
"","2024-10-02","pmt facture","Pc-Hydro Quebec 87242567","Débit","-87.30","15663.33"
"","2024-10-01","assurance","Compagnie D Assurance ","Débit","-93.33","15750.63"
"","2024-10-01","pmt facture","Fido Mobile ","Débit","-80.96","15843.96"
"","2024-10-01","achat pdv","Gpos Super C  Pie Ix     Montr ","Débit","-28.51","15924.92"
"","2024-10-01","achat pdv","Gpos Kiosque Chez Mi     Montr ","Débit","-11.50","15953.43"
"","2024-10-01","achat pdv","Gpos Cafe Resto Le R     Montr ","Débit","-14.54","15964.93"
"","2024-10-01","achat pdv","Gpos Marche St Josep     Montr ","Débit","-32.16","15979.47"
"","2024-10-01","dt trnsfr cl","Achat Placement ","Débit","-400.00","16011.63"
"","2024-10-01","dt trnsfr cl","Achat Placement ","Débit","-400.00","16411.63"
"","2024-09-28","achat pdv","Gpos Francois Trembl     Montr ","Débit","-26.98","16811.63"
"","2024-09-28","achat pdv","Gpos Marche St Josep     Montr ","Débit","-34.48","16838.61"
"","2024-09-27","assurance","Desjardins Secur. Fin. ","Crédit","1713.92","16873.09"
"","2024-09-26","pmt facture","Pc-Visa Infinite Momentum Scotia 71247974","Débit","-143.66","15159.17"
"","2024-09-26","achat pdv","Gpos Marche St Josep     Montr ","Débit","-49.53","15302.83"
"","2024-09-25","achat pdv","Gpos Adonis 21943 An     Anjou ","Débit","-76.74","15352.36"
"","2024-09-23","pmt facture","Pc-Saaq Immatriculation 62675449","Débit","-299.32","15429.10"
"","2024-09-23","achat pdv","Marche St-Joseph         Montr ","Débit","-54.73","15728.42"
"","2024-09-19","achat pdv","Gpos Depanneur Chez      Montr ","Débit","-18.50","15783.15"
"","2024-09-18","achat pdv","Gpos Depanneur Chez      Montr ","Débit","-37.00","15801.65"
"","2024-09-18","achat pdv","Gpos Depanneur Chez      Montr ","Débit","-37.00","15838.65"
"","2024-09-17","pmt facture","Pc-Visa Infinite Momentum Scotia 47966087","Débit","-37.00","15875.65"
"","2024-09-16","achat pdv","Gpos Depanneur Chez      Montr ","Débit","-37.00","15912.65"
"","2024-09-16","achat pdv","Fpos Depanneur Chez Emilemontr ","Débit","-35.16","15949.65"
"","2024-09-14","achat pdv","Gpos Depanneur Chez      Montr ","Débit","-35.16","15984.81"
"","2024-09-13","assurance","Desjardins Secur. Fin. ","Crédit","1713.92","16019.97"
"","2024-09-13","achat pdv","Gpos Depanneur Chez      Montr ","Débit","-32.16","14306.05"
"","2024-09-13","achat pdv","Gpos Walmart Store #     St-Le ","Débit","-30.10","14338.21"
"","2024-09-13","pmt facture","Pc-Canadian Tire Mastcard 38427097","Débit","-67.80","14368.31"
"","2024-09-13","achat pdv","Gpos Super C  Pie Ix     Montr ","Débit","-61.97","14436.11"
"","2024-09-13","achat pdv","Gpos Totem Pole High     Kahna ","Débit","-80.00","14498.08"
"","2024-09-12","achat pdv","Gpos Provigo Rachel      Montr ","Débit","-11.09","14578.08"
"","2024-09-12","achat pdv","Gpos Marche St Josep     Montr ","Débit","-24.03","14589.17"
"","2024-09-11","achat pdv","Gpos Marche St Josep     Montr ","Débit","-40.68","14613.20"
"","2024-09-10","achat pdv","Gpos Francois Trembl     Montr ","Débit","-32.06","14653.88"
"","2024-09-10","achat pdv","Gpos Adonis 21943 An     Anjou ","Débit","-41.66","14685.94"
"","2024-09-09","assurance","Intact Assur. ","Débit","-84.63","14727.60"
"","2024-09-09","pmt facture","Pc-Bell Facture Unique-14 Digits 28270802","Débit","-67.84","14812.23"
"","2024-09-09","achat pdv","Gpos Bouchers Capito     Montr ","Débit","-11.47","14880.07"
"","2024-09-09","achat pdv","Gpos Marche St Josep     Montr ","Débit","-25.24","14891.54"
"","2024-09-05","cred. impot solidarite","Gouv. Quebec ","Crédit","101.75","14916.78"
"","2024-09-04","cheque  168"," ","Débit","-403.77","14815.03"
"","2024-09-03","pmt facture","Fido Mobile ","Débit","-80.96","15218.80"
"","2024-09-03","achat pdv","Gpos Depanneur Chez      Montr ","Débit","-60.49","15299.76"
"","2024-09-03","achat pdv","Fpos Depanneur Chez Emilemontr ","Débit","-60.49","15360.25"
"","2024-09-03","dt trnsfr cl","Achat Placement ","Débit","-400.00","15420.74"
"","2024-09-03","dt trnsfr cl","Achat Placement ","Débit","-400.00","15820.74"
"","2024-08-30","assurance","Desjardins Secur. Fin. ","Crédit","1713.92","16220.74"
"","2024-08-30","achat pdv","Gpos Marche St Josep     Montr ","Débit","-60.26","14506.82"
"","2024-08-30","achat pdv","Gpos Totem Pole High     Kahna ","Débit","-80.00","14567.08"
"","2024-08-30","achat pdv","Gpos Res Gas Bar         Kahna ","Débit","-21.00","14647.08"
"","2024-08-29","assurance","Intact Assur. ","Débit","-93.33","14668.08"
"","2024-08-29","achat pdv","Gpos Marche St Josep     Montr ","Débit","-58.39","14761.41"
"","2024-08-29","achat pdv","Gpos Adonis 21037 Sa     Montr ","Débit","-34.83","14819.80"
"","2024-08-28","pmt facture","Pc-Visa Infinite Momentum Scotia 96002584","Débit","-30.41","14854.63"
"","2024-08-28","achat pdv","Fpos Depanneur Chez Emilemontr ","Débit","-27.85","14885.04"
"","2024-08-27","achat pdv","Gpos Depanneur Chez      Montr ","Débit","-28.83","14912.89"
"","2024-08-26","achat pdv","Gpos Marche St Josep     Montr ","Débit","-47.69","14941.72"
"","2024-08-26","achat pdv","Gpos Boucherie Mondi     Montr ","Débit","-13.41","14989.41"
"","2024-08-24","achat pdv","Gpos Marche St-Josep     Montr ","Débit","-40.07","15002.82"
"","2024-08-24","correction","Gpos Marche St-Josep     Montr ","Crédit","40.07","15042.89"
"","2024-08-24","achat pdv","Gpos Marche St-Josep     Montr ","Débit","-40.07","15002.82"
"","2024-08-23","achat pdv","Gpos Marche St Josep     Montr ","Débit","-12.19","15042.89"
"","2024-08-22","achat pdv","Gpos Marche St Josep     Montr ","Débit","-40.72","15055.08"
"","2024-08-22","achat pdv","Gpos Marche St Josep     Montr ","Débit","-60.75","15095.80"
"","2024-08-22","achat pdv","Gpos Kim Phat #3733      Montr ","Débit","-26.83","15156.55"
"","2024-08-22","achat pdv","Gpos Adonis 21943 An     Anjou ","Débit","-26.18","15183.38"
"","2024-08-22","achat pdv","Gpos Super C St Leon     Saint ","Débit","-45.78","15209.56"
"","2024-08-21","pmt facture","Pc-Visa Infinite Momentum Scotia 76601367","Débit","-328.10","15255.34"
"","2024-08-20","pmt facture","Pc-Canadian Tire Mastcard 73925194","Débit","-8.34","15583.44"
"","2024-08-20","achat pdv","Gpos Super C  Pie Ix     Montr ","Débit","-31.00","15591.78"
"","2024-08-19","achat pdv","Gpos Depanneur Chez      Montr ","Débit","-27.85","15622.78"
"","2024-08-19","achat pdv","Gpos Casa Di Toto        Montr ","Débit","-20.22","15650.63"
"","2024-08-19","achat pdv","Gpos Cafe Du Marche      Montr ","Débit","-4.33","15670.85"
"","2024-08-19","achat pdv","Gpos Francois Trembl     Montr ","Débit","-16.39","15675.18"
"","2024-08-19","achat pdv","Gpos Provigo Rachel      Montr ","Débit","-25.98","15691.57"
"","2024-08-17","pmt facture","Pc-Visa Infinite Momentum Scotia 66927749","Débit","-65.94","15717.55"
"","2024-08-16","pmt facture","Pc-Visa Infinite Momentum Scotia 66004059","Débit","-100.00","15783.49"
"","2024-08-16","assurance","Desjardins Secur. Fin. ","Crédit","1713.92","15883.49"
"","2024-08-15","achat pdv","Gpos Marche St Josep     Montr ","Débit","-40.55","14169.57"
"","2024-08-15","achat pdv","Gpos Adonis 21943 An     Anjou ","Débit","-49.16","14210.12"
"","2024-08-15","achat pdv","Gpos Totem Pole High     Kahna ","Débit","-80.00","14259.28"
"","2024-08-15","achat pdv","Gpos Res Gas Bar         Kahna ","Débit","-28.01","14339.28"
"","2024-08-14","achat pdv","Gpos Bo-Bec Creme Gl     Montr ","Débit","-7.28","14367.29"
"","2024-08-13","achat pdv","Gpos Marche St Josep     Montr ","Débit","-11.98","14374.57"
"","2024-08-12","achat pdv","Fpos Casa Di Toto        Montr ","Débit","-17.11","14386.55"
"","2024-08-10","achat pdv","Fpos Marche St Joseph    Montr ","Débit","-41.13","14403.66"
"","2024-08-09","pmt facture","Pc-Bell Facture Unique-14 Digits 47041370","Débit","-67.84","14444.79"
"","2024-08-08","assurance","Intact Assur. ","Débit","-84.63","14512.63"
"","2024-08-08","pmt facture","Pc-Canadian Tire Mastcard 42476202","Débit","-18.52","14597.26"
"","2024-08-08","achat pdv","Fpos Marche St Joseph    Montr ","Débit","-0.54","14615.78"
"","2024-08-08","achat pdv","Fpos Kim Phat #3733      Montr ","Débit","-53.55","14616.32"
"","2024-08-08","achat pdv","Fpos Francois Tremblay Phmontr ","Débit","-37.70","14669.87"
"","2024-08-07","achat pdv","Fpos Marche St Joseph    Montr ","Débit","-18.03","14707.57"
"","2024-08-07","achat pdv","Fpos Robin Des Bois      Montr ","Débit","-9.26","14725.60"
"","2024-08-06","achat pdv","Fpos Marche St Joseph    Montr ","Débit","-12.40","14734.86"
"","2024-08-06","achat pdv","Fpos Super C  Pie Ix   Onmontr ","Débit","-30.57","14747.26"
"","2024-08-05","achat pdv","Fpos Marche St Joseph    Montr ","Débit","-18.21","14777.83"
"","2024-08-05","achat pdv","Fpos Marche St Joseph    Montr ","Débit","-26.51","14796.04"
"","2024-08-05","achat pdv","Fpos Marche Oriental St-D   Mo ","Débit","-24.46","14822.55"
"","2024-08-05","achat pdv","Fpos Boucherie Mondiale  Montr ","Débit","-17.89","14847.01"
"","2024-08-05","cred. impot solidarite","Gouv. Quebec ","Crédit","101.75","14864.90"
"","2024-08-05","achat pdv","Fpos Ikea Boucherville   Bouch ","Débit","-45.97","14763.15"
"","2024-08-03","retour pdv","Fpos Doyon Despres Montremontr ","Crédit","12.65","14809.12"
"","2024-08-03","achat pdv","Fpos Dollarama #1496     Montr ","Débit","-5.35","14796.47"
"","2024-08-03","achat pdv","Doyon Despres Montreal   Montr ","Débit","-83.92","14801.82"
"","2024-08-03","achat pdv","Fpos Adonis 21943 Anjou  Anjou ","Débit","-61.80","14885.74"
"","2024-08-02","cheque  167"," ","Débit","-403.77","14947.54"
"","2024-08-02","assurance","Desjardins Secur. Fin. ","Crédit","1713.92","15351.31"
"","2024-08-02","achat pdv","Fpos Totem Pole High Timekahna ","Débit","-80.00","13637.39"
"","2024-08-02","achat pdv","Fpos Res Gas Bar         Kahna ","Débit","-23.01","13717.39"
"","2024-08-02","pmt facture","Pc-Hydro Quebec 25550672","Débit","-89.13","13740.40"
"","2024-08-01","achat pdv","Fpos Depanneur Chez Emilemontr ","Débit","-35.45","13829.53"
"","2024-08-01","dt trnsfr cl","Achat Placement ","Débit","-400.00","13864.98"
"","2024-08-01","dt trnsfr cl","Achat Placement ","Débit","-400.00","14264.98"
"","2024-07-31","achat pdv","Fpos Depanneur Chez Emilemontr ","Débit","-32.20","14664.98"
"","2024-07-31","pmt facture","Pc-Canadian Tire Mastcard 16981321","Débit","-91.97","14697.18"
"","2024-07-30","pmt facture","Fido Mobile ","Débit","-80.96","14789.15"
"","2024-07-29","assurance","Intact Assur. ","Débit","-93.33","14870.11"
"","2024-07-29","achat pdv","Fpos Depanneur Chez Emilemontr ","Débit","-59.26","14963.44"
"","2024-07-27","achat pdv","Fpos Depanneur Chez Emilemontr ","Débit","-75.12","15022.70"
"","2024-07-26","achat pdv","Fpos Depanneur Chez Emilemontr ","Débit","-75.12","15097.82"
"","2024-07-25","achat pdv","Depanneur Chez Emile     Montr ","Débit","-75.12","15172.94"
"","2024-07-24","achat pdv","Fpos Depanneur Chez Emilemontr ","Débit","-75.12","15248.06"
"","2024-07-23","achat pdv","Fpos Depanneur Chez Emilemontr ","Débit","-75.12","15323.18"
"","2024-07-22","assurance","Desjardins Secur. Fin. ","Crédit","1713.92","15398.30"
"","2024-07-22","achat pdv","Fpos Depanneur Chez Emilemontr ","Débit","-91.47","13684.38"
"","2024-07-22","achat pdv","Fpos Marche St Joseph    Montr ","Débit","-39.80","13775.85"
"","2024-07-20","achat pdv","Fpos Marche St Joseph    Montr ","Débit","-42.58","13815.65"
"","2024-07-18","achat pdv","Fpos Marche St-Joseph    Montr ","Débit","-38.78","13858.23"
"","2024-07-18","achat pdv","Fpos Marche St Joseph    Montr ","Débit","-61.69","13897.01"
"","2024-07-18","achat pdv","Kim Phat #3733           Montr ","Débit","-24.12","13958.70"
"","2024-07-17","achat pdv","Fpos Bo-Bec Creme Glacee Montr ","Débit","-7.28","13982.82"
"","2024-07-16","achat pdv","Fpos Marche St-Joseph    Montr ","Débit","-47.35","13990.10"
"","2024-07-15","achat pdv","Fpos Marche St Joseph    Montr ","Débit","-38.29","14037.45"
"","2024-07-15","achat pdv","Fpos Cafe Espresso Conca Montr ","Débit","-15.95","14075.74"
"","2024-07-15","achat pdv","Fpos Francois Tremblay Phmontr ","Débit","-16.94","14091.69"
"","2024-07-15","achat pdv","Fpos Marche St Joseph    Montr ","Débit","-67.91","14108.63"
"","2024-07-15","achat pdv","Fpos Dollarama #1496     Montr ","Débit","-5.75","14176.54"
"","2024-07-12","pmt facture","Pc-Canadian Tire Mastcard 65783917","Débit","-15.20","14182.29"
"","2024-07-12","achat pdv","Fpos Marche St Joseph    Montr ","Débit","-35.33","14197.49"
"","2024-07-11","achat pdv","Fpos Kim Phat #3733      Montr ","Débit","-21.59","14232.82"
"","2024-07-11","achat pdv","Fpos Iga Barcelo Molson  Montr ","Débit","-25.28","14254.41"
"","2024-07-11","achat pdv","Fpos Maxi #8797          Montr ","Débit","-31.62","14279.69"
"","2024-07-11","achat pdv","Fpos Super C  Pie Ix / Onmontr ","Débit","-20.40","14311.31"
"","2024-07-10","pmt facture","Pc-Visa Infinite Momentum Scotia 57739238","Débit","-122.28","14331.71"
"","2024-07-09","achat pdv","Fpos Depanneur Chez Emilemontr ","Débit","-24.13","14453.99"
"","2024-07-08","assurance","Intact Assur. ","Débit","-84.63","14478.12"
"","2024-07-08","pmt facture","Pc-Bell Facture Unique-14 Digits 53696836","Débit","-67.84","14562.75"
"","2024-07-08","pmt facture","Pc-Taxe Scolaire Montreal Cgtsim 53206126","Débit","-254.64","14630.59"
"","2024-07-08","achat pdv","Fpos Marche St-Joseph    Montr ","Débit","-40.89","14885.23"
"","2024-07-08","achat pdv","Fpos Cafe Du Marche         Mo ","Débit","-4.33","14926.12"
"","2024-07-08","achat pdv","Fpos Patisserie St.Martinmontr ","Débit","-16.04","14930.45"
"","2024-07-08","achat pdv","Fpos Marche St-Joseph    Montr ","Débit","-52.66","14946.49"
"","2024-07-06","pmt facture","Pc-Visa Infinite Momentum Scotia 47011936","Débit","-113.00","14999.15"
"","2024-07-05","assurance","Desjardins Secur. Fin. ","Crédit","1713.92","15112.15"
"","2024-07-05","achat pdv","Provigo Rachel (Angus)   Montr ","Débit","-96.63","13398.23"
"","2024-07-05","achat pdv","Fpos Res Gas Bar         Kahna ","Débit","-24.00","13494.86"
"","2024-07-05","achat pdv","Fpos Totem Pole High Timekahna ","Débit","-80.00","13518.86"
"","2024-07-05","tps","Canada ","Crédit","129.75","13598.86"
"","2024-07-05","cred. impot solidarite","Gouv. Quebec ","Crédit","101.75","13469.11"
"","2024-07-04","achat pdv","Fpos Marche St Joseph    Montr ","Débit","-31.06","13367.36"
"","2024-07-04","achat pdv","Fpos Provigo Rachel (Angumontr ","Débit","-47.38","13398.42"
"","2024-07-04","achat pdv","Fpos Adonis 21943 Anjou  Anjou ","Débit","-41.97","13445.80"
"","2024-07-03","cheque  166"," ","Débit","-403.77","13487.77"
"","2024-07-02","assurance","Intact Assur. ","Débit","-93.35","13891.54"
"","2024-07-02","pmt facture","Fido Mobile ","Débit","-80.96","13984.89"
"","2024-07-02","achat pdv","Fpos Marche St Joseph    Montr ","Débit","-44.31","14065.85"
"","2024-07-02","achat pdv","Fpos Francois Tremblay Phmontr ","Débit","-7.50","14110.16"
"","2024-07-02","achat pdv","Fpos Cafe Espresso Conca Montr ","Débit","-13.20","14117.66"
"","2024-07-02","achat pdv","Fpos Depanneur Chez Emilemontr ","Débit","-25.28","14130.86"
"","2024-07-02","dt trnsfr cl","Achat Placement ","Débit","-400.00","14156.14"
"","2024-07-02","dt trnsfr cl","Achat Placement ","Débit","-400.00","14556.14"
"","2024-06-29","achat pdv","Fpos Marche St Joseph    Montr ","Débit","-52.67","14956.14"
"","2024-06-28","achat pdv","Fpos Walmart Store #1168 Montr ","Débit","-45.44","15008.81"
"","2024-06-28","achat pdv","Walmart Store #1183      St-Le ","Débit","-24.00","15054.25"
"","2024-06-27","achat pdv","Fpos Frank Fleuriste     Montr ","Débit","-9.87","15078.25"
"","2024-06-27","achat pdv","Fpos Provigo Rachel (Angumontr ","Débit","-15.89","15088.12"
"","2024-06-27","achat pdv","Fpos Maxi #8797          Montr ","Débit","-37.36","15104.01"
"","2024-06-26","achat pdv","Fpos La Corbeille - Bordemontr ","Débit","-6.28","15141.37"
"","2024-06-25","achat pdv","Fpos Super C  Pie Ix   Onmontr ","Débit","-76.01","15147.65"
"","2024-06-24","achat pdv","Fpos Cafe Du Marche         Mo ","Débit","-4.33","15223.66"
"","2024-06-24","achat pdv","Fpos Trottier Freres     Montr ","Débit","-4.00","15227.99"
"","2024-06-24","achat pdv","Fpos Le Roi Du Taco         Mo ","Débit","-28.43","15231.99"
"","2024-06-24","achat pdv","Depanneur Chez Emile     Montr ","Débit","-21.03","15260.42"
"","2024-06-22","achat pdv","Fpos Marche St Joseph    Montr ","Débit","-2.25","15281.45"
"","2024-06-22","pmt facture","Pc-Visa Infinite Momentum Scotia 05393576","Débit","-113.00","15283.70"
"","2024-06-21","assurance","Desjardins Secur. Fin. ","Crédit","1713.92","15396.70"
"","2024-06-21","achat pdv","Fpos Marche St Joseph    Montr ","Débit","-31.99","13682.78"
"","2024-06-21","achat pdv","Fpos Res Gas Bar         Kahna ","Débit","-20.00","13714.77"
"","2024-06-21","achat pdv","Fpos Totem Pole High Timekahna ","Débit","-80.00","13734.77"
"","2024-06-20","achat pdv","Fpos Marche St Joseph    Montr ","Débit","-86.22","13814.77"
"","2024-06-20","achat pdv","Fpos Adonis 21943 Anjou  Anjou ","Débit","-51.13","13900.99"
"","2024-06-17","achat pdv","Fpos Marche St Joseph    Montr ","Débit","-18.11","13952.12"
"","2024-06-17","achat pdv","Fpos Cafe Du Marche         Mo ","Débit","-4.33","13970.23"
"","2024-06-17","achat pdv","Fpos Trottier Freres     Montr ","Débit","-4.00","13974.56"
"","2024-06-17","achat pdv","Fpos Patisserie St.Martinmontr ","Débit","-13.45","13978.56"
"","2024-06-15","achat pdv","Fpos Francois Tremblay Phmontr ","Débit","-36.05","13992.01"
"","2024-06-15","pmt facture","Pc-Visa Infinite Momentum Scotia 86212206","Débit","-113.00","14028.06"
"","2024-06-13","achat pdv","Fpos Depanneur Chez Emilemontr ","Débit","-35.16","14141.06"
"","2024-06-12","achat pdv","Fpos Depanneur Chez Emilemontr ","Débit","-35.16","14176.22"
"","2024-06-11","achat pdv","Fpos Depanneur Chez Emilemontr ","Débit","-35.16","14211.38"
"","2024-06-11","pmt facture","Pc-Bell Facture Unique-14 Digits 73977592","Débit","-67.84","14246.54"
"","2024-06-11","achat pdv","Fpos Depanneur Chez Emilemontr ","Débit","-35.16","14314.38"
"","2024-06-10","assurance","Intact Assur. ","Débit","-84.63","14349.54"
"","2024-06-10","achat pdv","Depanneur Chez Emile     Montr ","Débit","-44.06","14434.17"
"","2024-06-08","achat pdv","Fpos Depanneur Chez Emilemontr ","Débit","-35.16","14478.23"
"","2024-06-07","assurance","Desjardins Secur. Fin. ","Crédit","1713.92","14513.39"
"","2024-06-07","achat pdv","Fpos Marche St Joseph    Montr ","Débit","-53.14","12799.47"
"","2024-06-06","achat pdv","Fpos Saq23185 Ateliers Anmontr ","Débit","-30.75","12852.61"
"","2024-06-06","achat pdv","Fpos Marche St Joseph    Montr ","Débit","-17.76","12883.36"
"","2024-06-06","achat pdv","Fpos Adonis 21943 Anjou  Anjou ","Débit","-98.22","12901.12"
"","2024-06-05","achat pdv","Fpos Bo-Bec Creme Glacee Montr ","Débit","-7.28","12999.34"
"","2024-06-04","achat pdv","Fpos Marche St Joseph    Montr ","Débit","-38.72","13006.62"
"","2024-06-04","achat pdv","Fpos Totem Pole High Timekahna ","Débit","-80.00","13045.34"
"","2024-06-04","achat pdv","Fpos Res Gas Bar         Kahna ","Débit","-31.05","13125.34"
"","2024-06-03","cheque  165"," ","Débit","-403.77","13156.39"
"","2024-06-03","pmt facture","Pc-Hydro Quebec 51957971","Débit","-97.70","13560.16"
"","2024-06-03","achat pdv","Fpos Maxi #8797          Montr ","Débit","-32.08","13657.86"
"","2024-06-03","achat pdv","Fpos Francois Tremblay Phmontr ","Débit","-7.50","13689.94"
"","2024-06-01","dt trnsfr cl","Achat Placement ","Débit","-400.00","13697.44"
"","2024-06-01","dt trnsfr cl","Achat Placement ","Débit","-400.00","14097.44"
"","2024-05-31","achat pdv","Fpos Depanneur Chez Emilemontr ","Débit","-35.16","14497.44"
"","2024-05-30","pmt facture","Fido Mobile ","Débit","-80.96","14532.60"
"","2024-05-30","achat pdv","Saq23185 Ateliers Angu   Montr ","Débit","-30.75","14613.56"
"","2024-05-30","achat pdv","Fpos Francois Tremblay Phmontr ","Débit","-30.44","14644.31"
"","2024-05-30","achat pdv","Fpos Kim Phat #3733      Montr ","Débit","-56.44","14674.75"
"","2024-05-30","achat pdv","Fpos Adonis 21943 Anjou  Anjou ","Débit","-66.54","14731.19"
"","2024-05-29","assurance","Intact Assur. ","Débit","-86.31","14797.73"
"","2024-05-29","achat pdv","Fpos Marche St Joseph    Montr ","Débit","-62.23","14884.04"
"","2024-05-28","pmt facture","Pc-Visa Infinite Momentum Scotia 31353815","Débit","-75.88","14946.27"
"","2024-05-27","achat pdv","Fpos Cafe Du Marche         Mo ","Débit","-4.33","15022.15"
"","2024-05-27","achat pdv","Fpos Le Roi Du Taco         Mo ","Débit","-26.38","15026.48"
"","2024-05-27","achat pdv","Fpos Brulerie Aux Quatre    Mo ","Débit","-2.46","15052.86"
"","2024-05-27","achat pdv","Fpos Super C  Pie Ix   Onmontr ","Débit","-59.91","15055.32"
"","2024-05-27","achat pdv","Fpos Maxi #8797          Montr ","Débit","-42.64","15115.23"
"","2024-05-27","achat pdv","Fpos Francois Tremblay Phmontr ","Débit","-17.78","15157.87"
"","2024-05-24","assurance","Desjardins Secur. Fin. ","Crédit","1713.92","15175.65"
"","2024-05-24","achat pdv","Fpos Kim Phat #3733      Montr ","Débit","-18.25","13461.73"
"","2024-05-23","achat pdv","Fpos Marche St Joseph    Montr ","Débit","-36.57","13479.98"
"","2024-05-23","achat pdv","Fpos Marche St Joseph    Montr ","Débit","-47.97","13516.55"
"","2024-05-23","achat pdv","Adonis 21943 Anjou       Anjou ","Débit","-70.77","13564.52"
"","2024-05-22","achat pdv","Fpos Francois Tremblay Phmontr ","Débit","-12.64","13635.29"
"","2024-05-22","achat pdv","Fpos Restaurant Sand     Montr ","Débit","-25.13","13647.93"
"","2024-05-21","achat pdv","Fpos Marche St Joseph    Montr ","Débit","-15.77","13673.06"
"","2024-05-21","pmt facture","Pc-Visa Infinite Momentum Scotia 09906500","Débit","-108.31","13688.83"
"","2024-05-21","achat pdv","Fpos Marche Andes - Restamontr ","Débit","-23.15","13797.14"
"","2024-05-21","achat pdv","Fpos Marche St-Joseph    Montr ","Débit","-21.17","13820.29"
"","2024-05-18","achat pdv","Fpos Depanneur Chez Emilemontr ","Débit","-27.85","13841.46"
"","2024-05-18","achat pdv","Fpos Marshalls 742       Saint ","Débit","-28.73","13869.31"
"","2024-05-18","achat pdv","Fpos Marche St Joseph    Montr ","Débit","-24.00","13898.04"
"","2024-05-17","achat pdv","Fpos Marche St Joseph    Montr ","Débit","-51.20","13922.04"
"","2024-05-17","achat pdv","Fpos Maxi #8797          Montr ","Débit","-27.63","13973.24"
"","2024-05-17","achat pdv","Fpos Francois Tremblay Phmontr ","Débit","-16.64","14000.87"
"","2024-05-17","achat pdv","Fpos Res Gas Bar         Kahna ","Débit","-28.89","14017.51"
"","2024-05-17","achat pdv","Fpos Totem Pole High Timekahna ","Débit","-80.00","14046.40"
"","2024-05-16","achat pdv","Fpos Adonis 21943 Anjou  Anjou ","Débit","-58.05","14126.40"
"","2024-05-15","achat pdv","Francois Tremblay Phar   Montr ","Débit","-15.49","14184.45"
"","2024-05-15","achat pdv","Fpos Maxi #8797          Montr ","Débit","-8.44","14199.94"
"","2024-05-14","achat pdv","Fpos Francois Tremblay Phmontr ","Débit","-19.52","14208.38"
"","2024-05-11","achat pdv","Fpos Francois Tremblay Phmontr ","Débit","-45.23","14227.90"
"","2024-05-10","assurance","Desjardins Secur. Fin. ","Crédit","1713.92","14273.13"
"","2024-05-09","pmt facture","Pc-Bell Facture Unique-14 Digits 79478398","Débit","-67.84","12559.21"
"","2024-05-08","assurance","Intact Assur. ","Débit","-84.63","12627.05"
"","2024-05-08","achat pdv","Fpos Marche St Joseph    Montr ","Débit","-54.59","12711.68"
"","2024-05-06","achat pdv","Fpos Marche St-Joseph    Montr ","Débit","-47.70","12766.27"
"","2024-05-06","achat pdv","Fpos Marche St Joseph    Montr ","Débit","-63.55","12813.97"
"","2024-05-03","achat pdv","Fpos Marche St-Joseph    Montr ","Débit","-47.70","12877.52"
"","2024-05-02","cheque  164"," ","Débit","-403.77","12925.22"
"","2024-05-02","achat pdv","Fpos Maxi #8797          Montr ","Débit","-9.54","13328.99"
"","2024-05-02","achat pdv","Fpos Dollarama #1496     Montr ","Débit","-4.31","13338.53"
"","2024-05-02","achat pdv","Fpos Marche St Joseph    Montr ","Débit","-62.46","13342.84"
"","2024-05-02","achat pdv","Fpos Kim Phat #3733      Montr ","Débit","-12.61","13405.30"
"","2024-05-02","achat pdv","Fpos Adonis 21943 Anjou  Anjou ","Débit","-50.54","13417.91"
"","2024-05-02","achat pdv","Walmart Store #1183      St-Le ","Débit","-17.41","13468.45"
"","2024-05-01","achat pdv","Fpos Pho 911 Mont Royal  Montr ","Débit","-25.79","13485.86"
"","2024-05-01","dt trnsfr cl","Achat Placement ","Débit","-400.00","13511.65"
"","2024-05-01","dt trnsfr cl","Achat Placement ","Débit","-400.00","13911.65"
"","2024-05-01","pmt facture","Pc-Canadian Tire Mastcard 53806281","Débit","-23.80","14311.65"
"","2024-04-30","pmt facture","Fido Mobile ","Débit","-82.11","14335.45"
"","2024-04-30","achat pdv","Fpos Super C  Pie Ix / Onmontr ","Débit","-36.35","14417.56"
"","2024-04-29","assurance","Intact Assur. ","Débit","-86.31","14453.91"
"","2024-04-29","achat pdv","Fpos Pho Jean Talon      Montr ","Débit","-19.84","14540.22"
"","2024-04-29","achat pdv","Fpos Coteau Rougemont Vigrouge ","Débit","-8.50","14560.06"
"","2024-04-29","achat pdv","Fpos Brulerie Aux Quatre Montr ","Débit","-3.85","14568.56"
"","2024-04-29","achat pdv","Fpos Quincaillerie C Belamontr ","Débit","-6.89","14572.41"
"","2024-04-29","pmt facture","Pc-Canadian Tire Mastcard 44559663","Débit","-43.30","14579.30"
"","2024-04-29","achat pdv","Fpos Marche St Joseph    Montr ","Débit","-30.76","14622.60"